3700 5050
467 92 1456 160 du gymnote et de la torpille, des notopteres

463 214 1439 131 ecailleux, a bandes brunes et transversales, des

463 328 1553 155 gades verdâtres, plusieurs varietés de gobies, etc., et

471 441 1591 165 enfin quelques poissons, ><

475 563 1507 152 de proportions plus vastes, un caranx a tete

479 673 1516 156 proeminante, long d'un metre, plusieurs beaux

471 774 1507 168 scombres bonites, chamarrés de couleurs bleues

463 896 1574 185 et argentées, et trois magnifiques thons que la

471 1026 1587 169 rapidité de leur marche n'avait pu sauver du

463 1174 277 151 chalut.

740 1262 1242 173 J'estimai que ce coup de filet devait

471 1409 1591 143 rapporter plus de mille livres de poisson. C'était

463 1527 1528 135 une belle peche, mais non surprenante. En

458 1632 1499 164 effet, ces filets restent à la traine pendant

475 1771 1541 160 plusieurs jours et enserrent dans leur prison

471 1881 1528 181 de fil tout un monde aquatique. Nous ne

475 2011 1469 173 devions donc pas manquer de vivres frais

467 2137 1469 177 et d'une excellente qualite, que la rapidité

475 2272 1537 181 du Nautilus >,< et l'attraction de sa lumiere

471 2411 1612 172 electrique >< pouvaient renouveler sans cesse.

829 2558 1107 126 Tous ces divers produits de la mer

467 2663 1608 165 furent immediatement affalés par le panneau>t< vers

479 2798 1570 143 les cambuses, >< destinés, les uns a etre man-

471 2912 1221 164 gés frais, les autres à être conservés.

833 3025 1267 156 La peche finie, la provision d'air renou-

454 3160 1570 164 velée, je pensais que le Nautilus allait reprendre

463 3328 1515 139 son excursion sous-marine ; >et< je me preparais

463 3433 1742 160 dans a regagner ma chambre, quand, se tournant

475 3551 1617 156 vers moi, le capitaine Nemo me dit sans autre

484 3699 395 151 préambule :

467 3816 1540 165 "Voyez cet océan, monsieur le professeur, n'est-il

471 3943 1490 160 pas doué d'une vie réelle ? N'a-t-il pas ses

458 4069 1503 156 coleres et ses tendresses . Hier, il s'est endormi

458 4195 1604 148 comme nous, et le voila qui se reveille après une

471 4334 513 160 nuit paisible ! "

803 4448 1242 155 Ni bonjour, ni bonsoir ! N'eut-on pas

458 4570 1541 155 dit que cet étrange personnage continuait avec

475 4650 2037 210 moi une conversation commencée, >il y a huit jours ?< à l'instant ?

3380 105 143 160 160
