3734 4792
559 1729 159 2212 vous bénissant, je bénis toute la chère petite famille,

451 1697 187 1250 en Jésus et Marie Immaculée ;

368 1221 131 1889 Je suis toujours bien faible ; j'aurais besoin d'un repos absolu ; mais je

251 1988 184 1054 n'espère que le repos de l'autre vie.

363 3210 259 803 + Clém. Card. Villecourt

670 1365 1750 196 (Aneas -Sylvius Piccolomini), à l'égard duquel

702 1485 1774 168 Bossuet a été si injuste, précisément parceque

730 1597 1714 168 ce Pontife s'était montré si courageux pour

746 1693 1622 163 condamner et réfuter quelques doctrines

738 1800 1618 152 inexactes et erronées qu'il avait enseignées

762 1896 1590 168 dans le fameux conciliabule de Bâle

750 2004 1638 168 dont l'Evêque de Meaux voudrait pouvoir

778 2120 1670 148 faire un concile œcuménique. Cette lettre

746 2228 1714 136 célèbre, fut écrire à Mahomet II en 1464.

766 2304 1658 171 Elle ne fit qu'irriter ce Sultan. Le Pape

762 2431 1698 160 alors se disposa malgré son âge et ses

746 2519 1734 188 infirmités à marcher contre le tyran à la tête

754 2651 1682 148 d'une croisade ; mais dans les préparatifs du

726 2763 1674 160 départ, Dieu permit qu'il mourut à Ancône.

942 2871 1538 155 Voila tout, cher Monsieur Veuillot, ce que

730 2975 1674 183 je puis vous dire : encore je crains fort de

730 3094 1714 160 n'être pas dans la question : mais je suis sûr

726 3206 1450 172 d'avance que vous me le pardonneriez.

802 3302 1618 196 Le S. Père a répondu hier d'une manière

718 3414 1726 180 admirable, au Cardinal Vicaire, qui à l'occasion

718 3526 1754 179 de l'anniversaire de sa création, lui adressait

706 3645 1678 184 ses vœux unis à ses condoléances. Le Pape,

714 3781 1781 172 avec une dignité qui a ravi tous les assistants,

714 3893 1770 184 a flétri les entreprises des ennemis du S. Siège ;

722 3997 1706 168 a laissé entrevoir toutes ses espérances pour un

714 4117 1670 183 prochain triomphe de l'Eglise, et a fini par

726 4204 1781 184 déplorer les écarts d'un Cardinal qu'il n'était pas

762 4340 851 148 nécessaire de nommer.

950 4428 1526 216 Je vous embrasse, cher Monsieur, et en
