3734 4792
1401 1309 595 144 1866 - 30 - Frédault (F.)

1713 1812 1138 176 Mon très cher ami,

1553 2140 1877 164 je vous ai lu, bien mal il est vrai, en courant

1453 2308 1985 187 deçi delà, mais j'ai lu de belles pages, de bonnes

1461 2479 2009 180 et fortes choses, et je ne veux pas me coucher avant

1465 2643 1861 164 de vous le dire pour demain matin. On vous

1481 2803 1953 188 reprochera le droit de la force qui m'a bien aussi

1477 2979 1865 155 un peu chiffonné, mais l'ensemble est enlevé

1497 3114 1905 200 et il y a beaucoup de passages d'une grande

1493 3274 1797 156 beauté. le catholique libéral va être après

1501 3442 1973 203 cela forcé de répondre, et de s'expliquer : impossi-

1489 3582 1973 211 ble à lui de rester sous le coup de la qualification.

1505 3745 1933 188 hérétique. Il y a un ou deux mots, je devrais dire

1501 3901 1917 180 plusieurs d'une grande puissance : l'un surtout

1513 4053 1893 195 m'a plus frappé : "je fais une hypothèse", et le reste :

1537 4200 1905 236 cette hypothèse ne peut aller jusqu'à comprendre

3282 1245 108 164 403

1353 4452 140 212 209
