3700 5050
433 143 1654 143 Dans les <> échinodermes, rem-

433 269 1663 139 arquables par leur enveloppe epineuse, les astéries

433 382 1675 144 les étoiles de mer, les pentacrine, les comatules,

437 517 1629 139 les astérophons, les oursons, les holoturies, etc.,

446 631 1679 139 représentaient la collection complete des individus

437 761 463 143 de ce groupe.

778 862 1326 147 Un conchyliologue un peu nerveux, se

425 967 1671 135 serait pâmé certainement devant d'autres vitrines

446 1094 1633 151 plus nombreuses qui recouvraient les échantillons

437 1212 1642 147 de l'embranchement des mollusques. Je voyais

429 1346 1637 135 là une collection d'une valeur inestimable,

450 1426 2719 202 et que le temps me manquerait à décrire toute entière. Parmi ces échantillons, je

437 1603 1612 151 <> citerai, pour mémoire seu-

441 1729 1688 143 lement, - l'elegant marteau royal de l'Ocean

437 1834 1490 169 indien, dont les régulieres taches blanches

441 1969 1566 160 ressortaient vivement sur un fond rouge et

441 2112 1697 143 brun, - <> spondyle impérial, aux vives couleurs,

761 2091 51 88 un

425 2247 1603 134 tout hérissé d'épines, rare specimen dans

441 2369 1596 130 les muséums européens, et dont j'estimai la

441 2478 1651 135 valeur à vingt mille francs, - un marteau

441 2596 1617 152 commun des mers de la Nouvelle-Hollande,

441 2714 1579 164 qui se recueille difficilement, - des buccardes

433 2844 1667 181 exotiques du Sénégal, fragiles coquilles blanches

429 2983 1557 160 à doubles valves, qu'un souffle eut dissipées

429 3131 1667 138 comme une bulle de savon, - plusieurs varietés

433 3215 1688 185 des arrosoirs de Java, sortes de tubes calcaires

437 3349 1596 164 bordés de replis foliacés, et tres disputés par

441 3476 1663 168 les amateurs, - toute une série de troques, les

446 3593 1633 194 uns jaunes-verdâtres, péchés dans les mers d'

441 3749 1583 164 Amérique, les autres bruns-roussâtres, amis

441 3880 1520 143 des eaux de la Nouvelle hollande, ceux-ci

441 4014 1524 152 remarquables par leurs coquille imbriquée,

441 4132 1478 143 venus du golfe du Mexique, <> stellaires

1527 4094 110 105 des

441 4258 1528 135 trouvé dans les mers australes, et enfin, le

433 4380 1482 160 plus rare de tous, de magnifique éperon

433 4502 1579 156 de la Nouvelle-Zélande, - puis d'admirables

441 4629 1617 176 tellines sulfurées, de précieuses especes de Cythérées

3430 122 93 164 96
