3929 5086
3755 161 55 148 2

703 127 1539 101 Je crus, tout d'abord, en présence d'un ecueil

712 190 1585 119 inconnu ; il se déposait meme à en determiner

690 279 1882 153 la situation exacte, quand deux colonnes d'eau, projetées

703 385 1568 140 <> par l'inexplicable objet, s'elancerent en

699 487 1585 144 sifflant à cinquante pieds dans l'air. Donc, à

712 597 1564 115 moins que ce prétendu ecueil ne fut soumis aux

690 686 1708 144 expansions intermitantes d'un geyser, le governor

716 801 1551 148 Higguison avait affairé bel et bien à quelque

712 907 1559 135 mammifere aquatique, qui rejetait par ses évents

699 996 1606 139 des colonnes d'eau mélangées d'air et de vapeurs.

1004 1118 1284 123 Pareil fait fut également observé le 23

720 1212 1691 144 juillet de la même année, dans les mers du Pacifique

720 1313 1458 157 par le Cristobal Colon de West India and

703 1445 1534 144 Pacific steam navigation Compagny. Donc, ce

712 1538 1881 144 cetacé extraordinaire pouvait se transporter d'un endroit

720 1644 1619 127 <> à un autre avec une velocité surprenante

716 1750 1530 110 puisque à trois jours d'intervalle, le Governor

703 1830 1594 166 Higginson et le Cristobal Colon l'avaient observé

695 1966 1504 106 en points de la carte, séparés par une

707 2051 1412 135 distance de plus de sept cents lieues marines

974 2148 1280 123 quinze jours plus tard, à deux milles

690 2225 1797 195 lieues de là, l'Helvetia, de la compagnie Nationale,

695 2352 1530 169 et le Shannon, du Royal Mail, marchant à

690 2462 1704 140 contrebord dans cette portion de l'Atlantique comprise

690 2576 1590 149 entre les Etats-Unis et l'Europe, se signalerent

695 2678 1564 144 respectivement le monstre par 42°15' de latitude

699 2784 1458 144 nord, et 60°35' de longitude à l'ouest du

695 2860 1831 187 meridien de Greenwich. Or <> cette <> observation

1741 2877 89 98 dans

690 2996 1624 165 simultanée, on put <> <> la longueur

1441 2983 224 102 évaluer

695 3102 1602 144 minimum du mammifere à plus de trois cent

690 3204 1581 169 cinquante pieds anglais puisque le Shannon et

703 3297 1581 165 l'Helvetia etaient de dimention inferieure à lui

699 3407 1560 157 bien qu'ils mesurassent <> plus de cent metres

690 3492 848 144 de l'etrave à l'étambot.

974 3602 1229 165 Ces rapports arrivées coup sur coup, de

695 3695 1750 161 nouvelles obsevations faites à bord du Transatlantique

695 3793 1678 182 le Pereire, un aordage entre l'Etna, de la ligne

690 3903 1577 136 Inmann et le monstre, un proces-verbal dressé

707 4000 1704 162 par les officiers de la frégate française de Normandie

695 4115 1725 153 un très sérieux relevement obtenu par l'Etat-major

695 4212 1665 166 du commodore Fitz-James à bord du lord Clyde,

695 4335 1589 136 émurent profondement l'opinion publique. Dans

690 4424 1776 166 les pays d'humeur legere, on plaisanta le phenomene,

703 4543 1589 136 mais les pays graves et pratiques, l'Angleterre, l'

699 4653 1551 144 Amerique, l'Allemagne s'en préoccupèrent <>

703 4759 382 153 vivement.
