3700 5050
3447 92 114 156 158

471 113 1465 135 mouches à feu, qui broient un homme tout

464 256 1548 105 entier dans leurs machoires de fer. Je ne sais

475 336 1537 131 si conseil s'amusait à les classer, mais pour

479 475 1486 131 mon compte, je les considerais à un point de

488 597 1608 143 vue assez peu scientifique, et plutot en victime

479 715 623 151 qu'en naturaliste.

850 862 1300 126 Tres heureusement, ces voraces animaux

471 997 1465 139 y voient mal, et ils passerent sans nous

475 1140 1574 126 apercevoir, et nous échappames à ce danger,

475 1245 1549 156 plus grand a coup sur que la rencontre d'un

479 1380 783 164 tigre en pleine foret.

841 1502 1128 160 une demi heure après, guidés par la

471 1616 1654 168 trainée electrique, nous atteignions le Nautilus.

479 1750 1684 139 La porte exterieure etait restée ouverte, et le capitaine

467 1876 1675 156 Nemo la referma, des que nous fûmes rentrés dans

467 1990 1545 173 la premiere cellule ; puis, il pressa un bouton.

484 2133 1616 131 J'entendis manoeuvrer les pompes ; je sentis l'eau

484 2247 1528 160 baisser autour de moi, et en quelques instants,

475 2377 1638 139 la cellule fut entierement vidée. La porte interieure

488 2508 1620 122 s'ouvrit alors, et nous passâmes dans le vestiaire,

761 2630 1406 151 Là, nos habits de scaphandre nous furent

479 2785 1642 131 retirés, non sans peine, et, harassé, <> je regagnai

488 2895 1679 143 ma chambre, encore tout emerveillé de cette excursion

467 3013 606 155 au fond des mers.

955 3295 699 206 Chapitre 18.

698 3501 1090 181 Quatre mille lieues sous le

1001 3635 413 207 Pacifique.

972 3816 1044 135 Le lendemain matin, 18 novembre

484 3930 1498 168 parfaitement remis de mes fatigues de la veille, je

488 4073 1431 135 montai sur la plateforme, au moment ou le

471 4187 1562 168 second du Nautilus prononçait sa phrase quo-

484 4309 1469 122 tidienne. Il me vint alors à l'idée qu'elle se

488 4427 1557 155 rapportait à l'état de la mer, ou plutot qu'elle

496 4591 1234 134 signifait : Nous n'avons rien en vue.

770 4679 1292 181 Et en effet, l'Ocean etait desert. Pas une
