3700 5050
425 105 1637 151 vers le panneau et disparut par l'échelle. Je le

416 239 1646 148 suivis, je regagnai <> le grand salon;

437 345 1499 155 l'helice se mit aussitot en mouvement et le

433 471 1650 143 loch accusa une vitesse de vingt milles à l'heure.

867 589 1258 143 Pendant les jours, pendant les semaines

416 702 1633 173 qui s'ecroulerent, le capitaine Nemo fut tres sobre

425 837 1683 156 de visite. je ne le vis qu'a de rares intervalles.

429 972 1675 151 son second faisait régulierement le point que je

412 1094 1701 143 trouvais reporté sur la carte du salon, de telle

416 1212 1688 147 sorte que je pouvais relever exactement la route

420 1338 455 164 du Nautilus

812 1430 1288 190 Conseil et Land passaient de longues

420 1578 1659 160 heures avec moi. Conseil avait raconté a son

425 1691 1637 169 ami les merveilles de notre promenade <>

416 1809 1684 189 <>, et le canadien regrettait fort de ne

429 1952 1667 177 nous avoir point accompagné. Mais j'esperais

416 2074 1646 181 que l'occasion se representerait de visiter les

441 2222 598 164 forets de l'Océan.

795 2344 1263 176 Presque chaque jour, pendant quelques

425 2466 1641 176 heures, les panneaux du salon s'ouvraient, et nos

433 2604 1558 177 yeux ne se fatiguaient pas de penetrer les

441 2735 1154 151 mysteres du monde sous-marin.

799 2806 1410 186 la direction generale du Nautilus etait

420 2958 1773 164 sud est, et il se maintenait entre cent metres et cent

425 3088 1780 186 cinquante metres de profondeur. Un jour cependant,

441 3185 2194 248 par je ne sais quel caprice, entrainé diagonalement au moyen de

446 3341 1675 193 <> ses plans inclinés, il atteignit <> les

433 3438 1903 204 couches d'eau par deux milles metres. Le thermomètre

892 3467 141 95 situées

420 3572 1735 207 indiquait alors une temperature de 4,25 degrés.

437 3720 1722 206 temperature qui, sous cette profondeur parait etre

429 3871 1162 160 commune a toutes les latitudes.

829 3976 1368 181 Le 26 novembre, à trois heures du matin

420 4082 1659 235 le Nautilus franchit le tropique du cancer par

433 4216 1659 202 172° de longitude. Le 27, il passe en vue de l'

429 4359 1654 190 archipel des Sandwich, où l'illustre Cook trouva

429 4490 1604 185 la mort le 14 fevrier 1779. Nous avions alors

446 4620 1667 194 fait quatre mille huit cent soixante lieues depuis

3388 88 160 172 164
