1966 2638
239 151 64 77 119

292 123 1528 178 sans trop songer, et sans regarder derrière

285 171 1522 211 lui. Dès qu'il fut rendu il se sécha, et

296 224 1522 224 conta qu'il n'avait point vu le gué a

305 305 1509 205 cause de la grand' nuit, >mais< et qu'il

296 364 1522 222 avait eu de la peine à sortir de l'eau :

299 417 1510 229 mais il eut honte de confesser la peine

307 496 1458 225 qu'il avait eue et il ne parla ni

301 547 1522 253 du feu follet ni de la petite Fadette.

327 615 1485 251 Il se coucha en se disant, que ce serait

336 672 1436 238 bien assez tot le lendemain pour se

314 732 1465 237 tourmenter de la conséquence de cette

332 802 1486 226 mauvaise rencontre : mais quoi qu'il fit

338 861 1454 240 il ne put dormir que très mal. Il fit

318 929 1465 238 plus de cinquante rêves ou il vit la

327 995 1471 229 petite Fadette à califourchon sur le

334 1048 1467 244 fadet qui etait fait comme un grand

321 1118 1466 225 coq rouge et qui tenait, dans une de

312 1187 1504 230 ses pattes, sa lanterne de corne avec

314 1246 1465 220 une chandelle dedans, dont les rayons

336 1275 1494 263 s'étendaient sur toute la joncière. Et

325 1367 1493 244 alors la petite Fadette se changeait

859 1519 159 74 gros

332 1439 1488 247 en un grelet comme une chèvre, >qui<

336 1503 1491 233 et elle lui criait, en voix de grelet,

332 1591 1515 211 une chanson qu'il ne pouvait comprendre

332 1644 1506 239 mais où -il entendait- toujours des mots sur

327 1719 1513 237 la même rime, grelet, fadet, cornet,

349 1802 1467 238 capet, follet, Bessonnet, Sylvinet. Il

343 1848 1493 262 en avait la tête cassée, et la clarté du

624 2033 351 73 lui semblait

367 1956 1445 229 follet >etait< si vive et si prompte que

1706 2081 147 71 rouges

351 2037 1487 227 quand il s'éveilla il en avait encore les

382 2116 1432 220 orblutes, qui sont petites boules noires

369 2174 1456 226 ou bleues >qui< lesquelles nous semblent

323 2368 278 59 etre devant

393 2266 1436 202 >dans< nos yeux, quand nous avons regardé

345 2321 1502 211 >trop< avec trop d'assurance les orbes du soleil

1255 2400 488 106 ou de la lune.
