1966 2638
301 134 70 110 127

343 118 1460 176 pour observer toutes les allures de la

382 164 1476 189 Madelon qui n'étaient point malhon

332 252 1528 170 -nêtes, mais si fières et de telle nargue

360 318 1482 181 qu'il s'en dépita ; et quand elle >eut fini<

371 386 1485 154 revient de son côté, comme il la regardait

347 450 1509 161 avec des yeux qui se moquaient un peu

376 499 1451 171 d'elle, elle lui dit par bravade : Et

362 560 1476 174 bien donc, Landry, tu-ne peux >donc pas<

356 613 1486 187 trouver une danseuse aujourd'hui ? tu

360 672 1478 200 seras, ma fine, obligé de retourner au

362 848 335 95 grelet !

354 791 1504 198 - Et j'y retournerai de bon cœur, répondit

365 859 1488 200 Landry, car si ce n'est >pas< la plus belle

380 945 1348 189 de la fête, c'est toujours celle que

376 1090 633 88 danse le mieux.

387 1063 1449 198 Là dessus, il s'en fut ax alentours de

369 1114 1482 233 l'Eglise pour chercher la petite Fadette

387 1211 1396 191 et il la ramena dans la danse,

356 1259 1471 211 tout en face de la madelon, et il

380 1321 1460 235 y dansa deux bourrées sans quitter la

369 1391 1478 235 place. Il fallait voir comme le grelet

391 1470 1458 202 etait fier et content ! Elle ne cachait

369 1538 1504 218 point son aise, faisait reluire ses coquins

1246 1599 617 83 petite et sa grosse

820 1686 64 57 et

389 1646 1412 169 d'yeux noirs, relevait la tête >comme<

323 1780 376 97 coiffe comme

363 1732 1077 162 une poule >< huppée.

426 1754 1427 206 Mais, par malheur, son triomphe donna

835 1886 371 59 cinq ou six

376 1824 1480 191 du dépit à>< gamins qui la faisaient

378 1897 1480 180 danser à l'habitude, et qui, ne pouvant

376 1978 1475 200 plus en approcher, eux qui n'avaient jamais

369 2031 1473 202 été fiers avec elle et qui l'estimaient

371 2119 1410 173 beaucoup pour sa danse, se mirent à

367 2160 1493 192 la critiquer, à lui reprocher sa fierté

420 2231 1427 182 et à chuchoter autour d'elle : Voyez donc

848 2370 136 48 croit

329 2295 1509 191 la grelette qui charme Landry Barbeau !

340 2341 1509 220 Grelette, sautiote, farfadette, chat grillé, gri-

650 2402 1195 176 -lette, râlette, et autres sornettes à la

1317 2497 534 77 manière de l'endroit.
