1966 2644
193 131 51 67 29

233 81 1490 170 vouloir les diviser d'esprit ou de corps

238 145 1489 172 et comme on n'aime guères à con-

233 211 1492 170 trarier des enfans qu'on chérit, même

240 271 1498 191 quand c'est pour leur bien, on laissa

238 330 1483 189 bien vite aller les choses comme Dieu

255 389 1431 188 voulût : ou bien on se fit>< de

246 462 1453 185 >celle< ces petites picoteries, un jeu

249 535 1461 172 dont les deux bessons nétaient point

257 601 1466 174 dupes. Ils étaient fort malins, et

233 654 1483 216 quelque fois, pour qu'on les laissat

262 716 1452 207 tranquilles, ils faisaient mine de se

249 779 1465 214 disputer et de se battre, mais ce

246 859 1506 194 n'était qu'un amusement de leur part

249 923 1498 185 et ils avaient garde, en se roulant l'un

246 991 1495 185 sur l'autre, >dans< de se faire le moindre

253 1053 1490 205 mal; >< si quelque badaud s'eton-

253 1112 1415 192 -nait de les voir en bisbille, ils se

262 1176 1465 176 cachaient pour rire de lui, et on

251 1242 1461 179 les entendait babiller et chantonner

275 1315 1450 174 ensemble comme deux merles dans

262 1449 632 102 une branche.

262 1427 1483 183 Malgré cette grande ressemblance

266 1491 1457 196 et cette grande inclination, Dieu

262 1562 1496 191 qui n'a fait rien d'absolument pareil

271 1648 1487 174 dans le ciel et sur la terre, voulut

277 1711 1477 201 qu'ils eussent un sort bien different

273 1786 1454 188 et c'est alors qu'on vit >bien< que

266 1850 1422 185 >< c'étaient deux

282 1927 1468 177 créatures séparées dans l'idée du

284 1978 1479 203 bon Dieu, et différentes dans leur

297 2117 1012 148 propre tempérament.

304 2148 1450 185 On ne vit la chose qu'a l'essai,

1113 2205 149 132 après

279 2223 1468 176 et cet essai arriva >< qu'ils eurent

297 2298 1395 180 fait ensemble leur première
