2580 4324
990 187 674 155 Histoire de ma vie

1030 320 533 191 jusqu'à l'an 1797

1088 619 1182 184 Nequicquam sapi qui sibï non sapit

1924 727 410 130 Cic: ad Treb:

201 1264 2213 198 Je commence par dèclarer à mon lecteur que dans tout ce que

172 1398 2209 201 j'ai fait de bon ou de mauvais dans toute ma vie, je suis sûr d'avoir

169 1495 2202 238 meritè ou demerite, et que par consequent je dois me croire libre.

176 1610 2252 242 La doctrine de Stoïciens, et de toute autre secte sur la force du Destin esy

172 1715 2263 241 une chimere de l'imagination qui tient à l'atheïsme. Je suis non

172 1816 2256 270 seulement monothèiste, mais chretien fortifiè par la philosophie,

180 2017 973 206 qui n'a jamais rien gâtè.

180 2025 2245 306 Je crois à l'existence d'un Dieu immateriel autre, et maitre de

180 2172 2277 263 toutes les formes; et ce qui me prouve que je n'en ai jamais doutè,

172 2280 2274 296 c'est que j'ai toujours comptè sur sa providence, recourant à lui

140 2414 2328 299 par le moyen de la priere dans toutes mes detresses; et me trouvant

154 2529 2299 299 toujours exaucè. Le desespoir tue: la priere le fait disparoitre; et a:

151 2630 2295 335 près elle l'homme confie, et agit. Quels soyent les moyens, dont l'

144 2799 2335 281 être des etres se sert pour detourner les malheurs imminens sur ceux

158 2933 2259 259 qui implorent son secours, c'est une recherche au dessus du pouvoir

151 3044 2313 292 de l'entendement de l'homme, qui dans le meme instant qu'il contem

147 3152 2292 332 ple l'incompressibilitè de la providence divine, se voit réduit à l'a:

147 3304 2321 292 dorer. Notre ignorance devient notre seule ressource; et les vrais heu:

154 3451 2267 264 reux sont ceux qui la cherissent. Il faut donc prier Dieu, et croire d'

158 3606 2263 238 avoir obtenu la grace, même quand l'apperence nous dit que nous ne l'

162 3740 2266 241 avons pas obtenu.. Pour ce qui regarde la posture du corps dans la quelle

158 3887 2213 235 il faut ètre quand on adresse des voeux au crèateur, un vers du

947 998 303 162 Preface

2248 90 47 108 5

2334 126 76 173 I
