2631 4368
229 131 2281 160 mes sens; je me suis plu à m'egarer, et j'ai continuellement vecu dans l'er:

225 243 2242 150 reur, n'ayant autre consolation que celle de savoir que j'y ètois. Par cette raison

222 345 2274 175 j'espere, cher lecteur, que bien loin de trouver dans mon histoire le caractere

211 455 2256 185 de l'imprudente jactance, vous y trouverez celui qui convient à une confession

211 567 2252 219 generale, quoique dans le style de mes narrations vous ne me trouverez ni

207 677 2274 218 l'air d'un penitent, ni la contrainte de quelqu'un qui rougit rendant compte

204 800 2292 222 de ses fredaines. Ce sont des folies de jeunesse. Vous verrez que j'en ris, et si vous

207 971 966 161 etes bon, vous en vivez avec moi.

262 1015 2256 233 Vous vivez quand vous saurez que souvent je ne me suis pas fait un scrupule

200 1153 2292 230 de tromper des ètourdis, des fripons et des sots quand j'en ai eu besoin. Pour ce qui

204 1259 2321 247 regarde les femmes, ce sont des tromperies reciproques qu'on ne met pas en ligne

204 1368 2292 255 de compte, car quand l'amour s'en mêle, on est ordinairement le dupe de part

204 1481 2284 273 et d'autre. Mais c'est bien different pour ce qui regarde les sots. Il me felicite

193 1594 2317 298 toujours quand je me souviens de les avoir fait tomber dans mes filets, car ils sont

200 1725 2292 298 insolens, et presomptueux jusqu'à dèfier l'esprit. On le venge quand on trompe

200 1863 2285 259 un sot, et la victoire en vaut la peine, car il est cuirassè, et on ne sait pas par

196 1969 2322 302 où le prendre. Tromper un sot enfin est un exploit digne d'un homme d'esprit.

2303 2184 120 76 vois

185 2096 2314 295 Ce qui a mis dans mon sang, depuis que j existe, une haine invincible con:

189 2224 2285 291 tre cette engeance, c'est que je me trouve soit toutes les fois que je me ><

189 2329 2281 284 en societè avec eux. Il faut cependant les distinguer de ces hommes qu'

189 2424 2281 327 on appelle bêtes, car n'ètant bêtes que par dèfaut d'education, je les aime

182 2544 2252 331 assez. J'en ai trouvè de fort honètes, et qui dans le caractere de leur bètise

182 2671 2310 339 ont une sorte d'esprit. Ils ressemblent à des yeux qui sans la cataracte se voient

185 2952 438 178 fort beaux.

211 2973 2296 270 Examinant, mon cher lecteur, le caractere de cette preface, vous devine:

193 3115 2263 244 rez facilement mon but. Je l'ai faite parce que je veux que vous me

207 3203 2219 269 connoissiez avant de me lire. Ce n'est qu'aux Cafès, et aux tables

200 3399 1370 190 d'hôte qu'on converse avec des inconnus.

244 3476 2237 244 J'ai ècrit mon histoire, et personne ne peut y trouver à redire; mais

196 3618 2314 236 suis-je sage la donnant au public que je ne connais qu'à son grand desavan:

214 3756 2271 226 tage? Non. Je sais que je fais une folie; mais ayant besoin de m'occuper,

214 3891 1648 196 et de rire, pourquoi m'abstiendrois-je de la faire?

397 4029 1574 269 Expulit ellebro morbum, bilemque meraco.

2146 98 51 98 6

2252 98 196 91 III 3
