2669 4376
197 94 73 139 4

266 145 2198 139 Un ancien me dit en ton ton d'instituteur: si tu n'as pas fait des choses dignes

193 251 2282 146 d'ètre ècrites, ècris en du moins qui soyent dignes d'ètre lues. C'est un precepte

193 364 2264 139 aussi beau qu'un diamant de premiere eau brillantè en Angleterre; mais il m'

193 455 2267 150 est incompetant, car je n'ècris ni l'histoire d'un illustre, ni un roman. Digne ou

189 561 2235 171 indigne, ma vie est ma matiere, ma matiere est ma vie. L'ayant faite sans

182 667 2326 179 avoir jamais cru que l'envie de l'ècrire viendroit, elle peut avoir un caractere

193 751 2278 211 interessant qu'elle n'auroit peut ètre pas, si je l'avoit faite avec intention de

186 856 1727 223 l'ècrire dans mes vieux jours, et qui plus est de la publier.

226 959 2220 237 Dans cette annèe 1797, à l'age de soixante et douze ans, ou je peux dire vixi,

193 1101 2267 240 quoique je respire encore, je ne saurois me procurer un amusement plus

182 1185 2311 284 agrèable qui celui de m'entretenir de mes propres affaires, et de donner un

175 1301 2329 270 noble sujet de rire à la bonne compagnie qui m'ècoute, qui m'a toujours don:

164 1433 2289 248 nè des marques d'amitiè, et que j'ai toujours frequentè. Pour bien ècrire, je

167 1557 2304 269 n'ai besoin que de m'imaginer qu'elle me lira: Que(a)cumque dixi, si placuerint,

167 1695 2290 245 dictavit auditoir. Pour ce qui regarde les profanes que je ne pourrai em:

171 1812 2282 266 pecher de me lire, il me suffit de savoir que ce n'est pas pour eux que

171 2049 380 153 j'ai ècrit.

182 2023 2271 278 Me rappellant les plaisirs que j'eus je me les renouvelle, et je ris des peines

164 2151 2267 295 que j ai endurè, et que je ne sens plus. Membre de l'univers, je parle

182 2301 2235 222 à l'air, et je me figure de rendre compte de ma gestion, comme un

175 2388 2282 263 maitre d'hotel le rend à son seigneur avant de disparoitre. Pour ce qui

178 2512 2271 266 regarde mon avenir, je n'ai jamais voulu m'en inquieter en qualitè de

175 2651 2307 255 philosophe, car je n'en sais rien; et en qualitè de chretien la foi doit croire

175 2760 2304 263 sans raisonner, et la plus pure garde un profond silence. Je sais que j'ai

178 2888 2293 259 existé, et en étant sûr parce que j'ai senti, je sais aussi que j'existerai

178 3004 2319 278 quand j'aurai fini de sentir. S'il m'arrivera après ma mort de sentir en:

175 3132 2322 252 core, je ne douterai plus de rien; mais je donnerai un dementi à tous ceux

164 3311 1205 222 qui viendront me dire que je suis mort.

167 3395 2253 229 Mon histoire, devant commencer par le fait le plus reculè que ma

178 3519 2260 215 memoire puisse me rappeller, commencera à mon age de huit ans,

171 3632 2319 248 et quatre mois. Avant cette epoque, s'il est vrai que vivere cogitare

175 3759 2285 234 est, je ne vivois pas: je vegetois. La pensèe de l'hommen ne consis:

175 3898 2249 233 tant que dans des comparaisons faites pour examiner des rapports, ne

324 109 63 73 IV
