2652 4327
194 126 2335 169 peut pas preceder l'existence de sa memoire. L'organe qui lui est propre

194 241 2302 173 ne se developpa dans ma tête que huit ans, et quatre mois après ma

198 349 2302 188 naissance: ce fut dans ces momens là que mon ame commença à ètre

198 457 2316 228 susceptible d'impressions. Comment une substance immaterielle qui ne

191 558 2341 274 peut nec tangere nec tangi puisse l'ètre, il n'y a point d'homme qui soit

191 753 833 177 en ètat de l'expliquer.

274 814 2244 249 Une philosophie constante d'accord avec la religion pretend que la

187 923 2320 270 dèpendence de l'ame des sens, et des organes n'est que  fortuite, et

194 1052 2320 278 passagere, et qu'elle sera libre, et heureuse quand la mort du corps

194 1171 2219 267 l'aura affranchie de leur pouvoir tyrannique. C'est fort beau;

194 1272 2349 296 mais, religion à part, ce n'est pas sûr. Ne pouvant donc me trouver

205 1373 2299 321 dans la certitude parfaite d'ètre immortel qu'après avoir cessè de

205 1532 2309 281 vivre, on me pardonnera, si je ne suis pas pressè de parvenir à con:

202 1615 2294 314 noitre cette veritè. Une connoissance qui coute la vie coute trop cher. En

194 1738 2292 324 attendant j'adore Dieu me defendant toute action injuste, et abhorrant les

198 1871 2316 303 hommes injustes, sans cependant leur faire du mal. Il me suffit de m'abste:

202 2037 1840 259 nir de leur faire du bien. Il ne faut pas nourir les serpens.

234 2098 2280 328 Devant dire quelque chose aussi de mon temperament, et de mon caractere,

194 2224 2299 318 l'indulgent entre mes lecteurs ne sera ni le moins honête, ni le plus de:

191 2506 548 191 pourvu d'esprit.

223 2484 2270 310 J'ai eu tous les quatre temperamens: le pituiteux dans mon enfance; le

202 2610 2309 325 sanguin dans ma jeunesse, puis le bilieux, et enfin le melancolique, qui appa:

202 2744 2265 302 rament ne me quitera plus. Conformant ma nouriture à ma constitution,

205 2841 2234 332 j'ai toujours joui d'une bonne santè; et ayant apris que ce qui l'altere est

202 2982 2273 302 toujours l'excès soit de nouriture, soit d'abstinence, je n'ai jamais eu autre

212 3079 2237 328 medecin que moi même. Mais j'ai trouvè l'abstinence beaucoup plus

212 3212 2237 321 dangereuse. Le trop donne une indigestion; mais le trop peu donne la mort.

234 3349 2223 307 Aujourd'hui, vieux comme je suis, j'ai besoin, malgrè l'excellence de

220 3486 2266 321 mon estomac, de ne manger qu'une fois par jour, mais ce qui me dé:

212 3598 2230 307 dommage de cette privation est le doux someil, et la facilitè avec la

220 3750 2208 292 quelle je couche sur du papier mes raisonnemens sans avoir besoin

212 3883 2234 274 ni de paradoxes, ni d'entortiller sophismes sur sophismes faits plus

2237 104 46 79 7

2352 100 47 87 V

2413 122 73 137 5
