2728 4336
173 126 76 145 10

289 79 61 101 X

260 108 2283 166 memoires paroitront je ne serai plus. Je ne peux me figurer sans hor:

238 209 2291 181 reur de contracter quelqu'obligation avec la mort que je deteste. Heureuse,

227 321 2262 166 ou malheureuse, la vie est le seul tresor que l homme possede, et ceux

224 419 2286 209 qui ne l'aiment pas n'en sont pas dignes. On lui prefere l'honneur, par:

224 513 2301 238 ceque l'infamie la fletrit. Si dans l'alternative on se tue, la philosophie doit

220 617 2294 246 se taire. O mort! Cruelle loi de la nature, que la raison doit reprouver,

209 722 2294 271 car elle n'est faite que pour la dètruire. Ciceron dit qu'elle nous delivre

202 816 2319 304 des peines. Ce grand philosophe enregistre la dèpense, et ne met pas en ligne

209 939 2301 311 de compte la recette. Je ne me souviens pas, si quand il ècrivoit ses Tusculanes, sa

202 1069 2352 282 Tulliote ètoit morte. La mort est un monstre qui chasse du grand thèatre un spec:

213 1188 2283 286 tateur attentif avant qu'une piece qui l'interesse infiniment finisse. Cette

202 1373 1256 220 seule raison doit suffire pour la detester.

1841 1521 112 76 car

213 1416 2287 289 Dans ces memoires on ne trouvera pas toutes mes aventures. J'ai omis celles

314 1658 243 87 auroient

589 1575 188 235 deplu

198 1528 2258 311 qui >< aux personnes qui y eurent part >< elles y feroient

195 1618 2355 329 mauvaise figure. Malgrè cela on me trouvera par fois que trop indiscret;

195 1752 2315 318 et j'en suis fachè. Si avant ma mort je deviens sage, et si je suis à tems,

195 1911 1773 278 je brulerai tout. Je n'en ai pas la force actuellement.

217 1998 2308 292 Ceux aux quels je paroitrai trop peintre là oû je conte en detail certaines

191 2135 2370 296 avantures amoureuses auront tort à moins qu'ils ne me trouvent mau:

191 2233 2319 328 vais peintre. Je les prie de me pardonner, si ma vieille ame est reduite à

191 2345 2309 321 ne pouvoir plus jouir que par reminiscence. La vertu sautera tous les ta:

180 2449 2258 329 bleaux qui pourront l'alarmer; et je suis bien aise de lui donner cet

191 2565 2323 322 avis dans cette preface. Tant pis pour ceux qui ne la liront pas. La pre:

177 2677 2308 325 face est à un ouvrage ce que l'affiche est à une comedie. On doit la lire.

220 2818 2261 307 Je n'ai pas ècrit ces memoires pour la jeunesse qui pour se garantir

170 2962 2297 279 des chutes a besoin de la passer dans l'ignorance; mais pour ceux qui

162 3074 2294 293 à force d'avoir vecu sont devenus insusceptibles de seduction, et qui à

166 3219 2363 278 force d'avoir demeurè dans le feu sont devenus Salamandres. Les vraies

170 3327 2337 282 vertus n'ètant ni habitudes, j'ose dire que les vrais vertueux sont les

155 3443 2363 311 heureux qui les exercent sans se donner la moindre peine. Ces gens là

2116 3555 98 101 j ai

166 3602 2182 278 n'ont pas point d'idèe de l'intollerance. C'est pour eux que >< ècrit.

191 3772 2290 242 J'ai ècrit en françois, et non pas en italien parceque la langue

155 3931 2355 253 françoise est plus repandue que la mienne. Les puristes qui trouvant
