1243 1500
160 180 375 50 De mon amie.

142 252 1057 53 Mais l'aube matinale commence à blanchir le

143 311 1064 60 ciel ; les noires idées m'agitaient s'évanouissent

141 360 1019 56 avec la nuit, et l'espérance revait dans mon

138 423 1037 57 cœur. Non, m'écriaije, mon amie n'est point

138 478 1029 63 entrée dans le néant ; quelque soit la barrière

137 535 1003 60 qui nous sépare, je la reverrai. Ce n'est

128 588 1039 59 point sur un syllogisme que je fonde mon

125 633 1062 65 esperance. Le vol d'un insecte qui traverse les

127 687 1069 65 airs suffit pour me persuader ; et souvent

116 750 1064 66 l'aspect de la campagne, le parfum des airs, et je

121 811 1074 51 ne sais quel charme rèpandu autour de moi,

133 863 1017 64 elèvent tellement mes pensées, qu'une preuve

130 921 1071 51 invincible de l'immortalité entre avec violence

125 963 994 67 dans mon âme et l'occupe tout entière.

581 1055 484 77 Adieu chère amie.

779 1133 400 67 Au revoir ....

841 1179 242 123 L.L.
