1213 1500
436 151 320 70 La Femme.

186 260 813 43 Quand l'Eternel eut créé tous les mondes,

182 298 715 44 Il peupla l'air et la terre et les ondes,

197 347 770 46 Puis il fit l'homme et crut avoir fini.

188 387 748 48 Il se repose et voit que dans l'ennui

186 431 808 52 Tout est plongé, tout sur notre planète :

182 473 832 47 "Qu'est-ce, dit-il, manquerait-il un être ?"

201 511 833 56 Et sur son front passant trois fois la main,

187 556 722 46 Il réfléchit, éxamine et soudain :

207 598 858 50 "Oh ! le voilà, ce qui manque à mon œuvre;

180 640 787 43 Je vais donner à l'instant une preuve

193 686 864 46 De ma sagesse et de mon grand pouvoir."

177 722 878 48 Il parle ainsi, puis prompt comme l'éclair,

195 765 867 52 Dans le jardin, près d'Adam qui repose,

188 805 807 52 Il entre à l'heure où le ciel devient rose,

190 851 630 51 Où le soleil se prépare à darder

183 895 823 43 Les rayons d'or sur l'Univers entier.

183 933 971 54 Que va-t-il faire, et quel nouveau chef d'œuvre,

201 978 865 47 Va compléter et couronner son œuvre ?

196 1017 851 56 C'est un Archange, ou c'est un Séraphin,

197 1062 865 59 C'est un trésor, c'est une femme enfin.

686 1126 225 89 Studens.
