1243 1500
500 427 246 40 Départ du Couvent.

241 472 924 51 Tout est calme, paisible à cette heure tardive,

235 530 974 61 Pour la dernière fois, j'entends dans le saint lieu

236 588 973 63 Cet airain gémissant, qui, d'une voix plaitive

227 648 982 62 Semble me  murmurer comme un dernier adieu

233 753 973 63 J'aime à m'aller asseoir sous le riant feuillage

210 816 1000 61 Quand un souffle embaumé fait frémir les rameau

223 877 986 51 J'aime à prêter l'oreille au tendre et doux ramage

207 936 1003 59 De l'oisillon joyeux dont les chants sont si beaux

212 1041 955 65 Je me surprends à suivre une feuille légère

200 1105 980 58 Sur l'aile du zéphir s'envolant au lointain

202 1166 933 62 Elle me dit : Hélas ! Pauvre feuille éphémère,

197 1241 1015 52 "Toi, sur la mer du monde, on te verra demain

875 1343 149 70 Alors,
