1246 1500
265 103 860 62 Mais, moi, qui pour jouir voudrais vivre plus vite

275 160 752 60 Et ne rêve qu'amour, gloire, plaisir, bonheur,

296 217 793 73 Qui vois régner la joie somptueux ou humble gîte,

450 285 468 56 Je ne ne puis croire au malheur.

283 347 765 70 N'y croyez pas surtout, jeune, aimable beauté,

303 414 670 63 Que je vois, tout ravi, paraître sur la scêne,

303 472 714 70 Conquérante aux yeux bleus, que plus d'un cœur dompté

446 537 405 64 Va proclamer souveraine.

314 610 708 63 Je croirais au malheur, si le Dieu bienfaisant ?

317 665 691 56 Qui contemple l'homme d'un œil de pitié,

308 721 726 61 N'avait à l'affliction réserve pour calmant

441 777 394 53 Le baume de l'amitié.

327 851 768 61 Je craindrai le malheur, quand la voire caressante

311 911 585 70 De celle dont, un jour, je subirai la loi,

321 970 767 71 Ne dira plus ces mots, accents d'une âme aimante,

427 1037 407 64 "Ami, je pleure avec toi."

322 1103 758 75 Ah chassez, dissipez toute attritante image,

336 1167 742 81 Jeune fille, pour qui j'ai entrevu le bonheur,

336 1230 712 91 Rêvez, rêvez, plutôt au séduisant langage

469 1301 474 81 Au vrai langage du cœur.
