1215 1500
252 778 759 52 Conservez ces feuillets, dont aujourd'hui la trace

241 832 674 46 N'a pas assez vieilli pour être un souvenir,

250 877 716 50 Dans ce recueil chéri qui n'est qu'une préface

245 926 765 52 Heureuse, aux jours heureux qu'amène l'avenir :

250 1013 857 60 Qu'ils vous suivent partoout. C'est un riant cortège

243 1071 834 54 Que tant de cœurs aimants attachés à vos pas

247 1120 675 56 Et le bonheur sourit à celle que protège

245 1178 792 55 L'amitié du seul âge où l'on ne mente pas ?....

415 102 293 64 A Louise.....

257 257 670 54 Salut à votre album. O fleur des jeunes filles !.

248 321 622 52 Aimable colombe, naguère gémissante

246 373 695 50 Sous le toit du couvent aux implacables grilles

247 425 660 52 Témoins de vos soupirs, captive languissante.

251 516 690 51 Salut votre essor au ciel de l'espérance

251 562 711 58 Dont aucune douleur ne ternit le miroir.

250 621 777 60 Où le jour qui s'éteint au jour qui recommence

238 686 850 46 Lègue dans un sourire un seul mot : au revoir !
