1246 1500
98 26 207 54 Archives nationales du Québec

148 140 887 56 Alors, Oh ! j'ai senti de ces peines amères

138 203 989 57 Qu'un départ, sans retour, du cœur fait éprouver

126 258 988 58 Qu'on s'éloigne à regret des meilleures des mères

128 308 1002 59 Quand au Ciel seulement on doit les retrouver.

138 423 981 59 Au Couvent, j'ai coulé la plus douce existence

140 485 994 60 Et des jours sans regrets et des nuits sans amour

140 540 980 60 Mais il faut te quitter, asile d'innocence,

137 595 997 76 Pour voguer à l'orage, il faut lacher le port

143 696 730 61 Marie ! Osons douce patronne,

141 750 862 67 De tes enfants, protectrice si bonne,

137 811 941 69 Dans l'ouragan, prête moi ton secours ;

136 878 939 64 Mes yeux vers toi se levèrent toujours.

151 987 913 69 Viens me conduire aux régions divines,

127 1048 943 68 Que je parvienne aux délices du Ciel,

150 1123 825 50 J'y veux revoir mes Mères Ursulines,

148 1177 792 74 Chanter aussi le cantique éternel.
