1236 1500
140 133 743 58 Puisse ainsi, dans le monde où vous entrez en Reine

138 182 745 68 Le temps ne vous garder que d'amoureux secrets :

141 232 754 66 Puisse la vie en fleurs, pour votre âme sereine

127 287 769 69 N'avoir que des plaisirs, et jamais de regrets.

121 392 892 68 Mais si , plus tard, des pleurs baignent votre paupière

140 447 751 63 Pour vos cils attristés : -(si pur que soit le jour

141 502 704 55 Un nuage parfois passe sur la lumière

145 548 955 63 Comme un deuil sur le cœur, si doux que soit l'amour !)

138 647 751 54 Pour charmer vos soucis, demandez à ce livre

138 696 782 51 Les baumes du souvenir, et les fleurs du sentier

136 756 797 52 Le bonheur renaitra quand vous reviendrez vivre

148 811 743 67 Parmi les noms amis dont je suis le dernier..

908 868 92 53 J.O.B....
