<?xml version="1.0" encoding="UTF-8"?>
<alto xmlns:xsi="http://www.w3.org/2001/XMLSchema-instance"
      xmlns="http://www.loc.gov/standards/alto/ns-v4#"
      xsi:schemaLocation="http://www.loc.gov/standards/alto/ns-v4# http://www.loc.gov/standards/alto/v4/alto-4-2.xsd">
  <Description>
    <MeasurementUnit>pixel</MeasurementUnit>
    <sourceImageInformation>
      <fileName>01R_P1S8P1_013.jpg</fileName>
      
    </sourceImageInformation>
  </Description>
  
  <Tags>
    <OtherTag ID="BT3422" LABEL="StampZone" DESCRIPTION="block type StampZone"/><OtherTag ID="BT2455" LABEL="DecorationZone" DESCRIPTION="block type DecorationZone"/><OtherTag ID="BT2454" LABEL="GraphicZone" DESCRIPTION="block type GraphicZone"/><OtherTag ID="BT2432" LABEL="GraphicZone:illustration" DESCRIPTION="block type GraphicZone:illustration"/><OtherTag ID="BT2431" LABEL="CustomZone" DESCRIPTION="block type CustomZone"/><OtherTag ID="BT2411" LABEL="NumberingZone" DESCRIPTION="block type NumberingZone"/><OtherTag ID="BT2410" LABEL="MainZone" DESCRIPTION="block type MainZone"/>
    <OtherTag ID="LT847" LABEL="DefaultLine" DESCRIPTION="line type DefaultLine"/><OtherTag ID="LT848" LABEL="InterlinearLine" DESCRIPTION="line type InterlinearLine"/>
  </Tags>
  
  <Layout>
    <Page WIDTH="1233"
          HEIGHT="1500"
          PHYSICAL_IMG_NR="6"
          ID="eSc_dummypage_">
      <PrintSpace HPOS="0"
                  VPOS="0"
                  WIDTH="1233"
                  HEIGHT="1500">
        
        <TextBlock HPOS="300"
                   VPOS="80"
                   WIDTH="872"
                   HEIGHT="1186"
                   ID="eSc_textblock_e8f6a798"
                   TAGREFS="BT2410">
          <Shape><Polygon POINTS="1082 110 1117 135 1137 160 1132 263 1017 295 1102 395 1102 503 1009 518 967 550 989 585 1097 595 1112 648 1172 680 1167 708 1087 798 992 820 1019 850 1147 865 1152 918 1117 1043 1039 1058 997 1111 1008 1238 840 1266 794 1115 627 1116 435 1103 393 1053 325 1053 340 828 325 595 340 570 375 563 335 523 325 473 330 335 375 328 360 318 375 305 315 268 300 120 325 80 689 112 1027 105"/></Shape>
          
          
          <TextLine ID="eSc_line_a22edbe8"
                    TAGREFS="LT847"
                    BASELINE="308 137 1092 145" 
                    HPOS="305"
                    VPOS="105"
                    WIDTH="786"
                    HEIGHT="62">
            <Shape><Polygon POINTS="307 136 310 105 330 117 423 117 450 108 452 107 452 107 453 107 453 107 455 107 455 107 455 107 456 107 456 107 456 107 457 107 457 107 457 108 466 116 507 117 540 110 543 110 543 110 543 110 545 110 545 110 546 110 546 110 546 110 547 110 547 110 547 110 558 120 622 120 636 112 639 111 639 111 639 111 640 111 640 111 640 111 641 111 641 111 642 111 642 111 642 111 646 112 661 121 777 121 859 117 977 112 979 112 979 112 1090 123 1091 145 1089 156 979 152 970 155 930 167 929 167 929 167 929 167 927 167 927 167 926 167 926 167 892 153 889 152 791 152 790 152 770 166 769 166 769 166 769 166 767 166 767 166 766 166 766 166 766 166 765 166 765 166 765 166 736 151 735 150 706 150 705 151 689 165 689 165 687 165 687 165 687 165 686 165 686 165 685 165 616 163 616 163 616 163 615 163 615 163 590 152 578 162 578 163 578 163 577 163 577 163 577 163 576 163 576 163 576 165 545 165 543 163 543 163 542 163 542 163 510 148 498 158 498 158 497 158 497 158 497 158 496 158 496 158 495 158 495 158 495 158 493 158 493 158 481 153 421 162 421 162 420 162 420 162 420 162 418 162 375 148 305 143"/></Shape>
	    <String CONTENT="Quand on n&#39;a que seize ans, âge de l&#39;espérance,"
                    HPOS="305"
                    VPOS="105"
                    WIDTH="786"
                    HEIGHT="62"></String>
          </TextLine>

          
          
          <TextLine ID="eSc_line_4c5afb8d"
                    TAGREFS="LT847"
                    BASELINE="322 203 1125 196" 
                    HPOS="318"
                    VPOS="160"
                    WIDTH="806"
                    HEIGHT="60">
            <Shape><Polygon POINTS="321 202 318 166 381 166 381 166 381 166 382 166 382 166 382 166 383 166 383 166 383 167 397 180 417 180 478 167 478 167 478 167 480 167 480 167 481 167 481 167 481 167 495 175 511 166 511 166 511 166 512 166 512 166 512 166 513 166 513 166 513 166 515 166 515 166 515 166 516 166 526 173 540 165 541 165 541 165 541 165 542 165 542 165 542 165 543 165 543 165 543 165 545 165 545 165 546 165 546 165 568 178 605 175 613 166 613 165 613 165 613 165 615 165 615 165 615 165 616 165 616 165 617 165 617 165 617 165 619 165 619 165 620 165 620 165 642 178 704 178 714 171 715 171 715 171 715 171 716 171 716 171 716 171 717 171 810 176 826 165 827 163 827 163 829 163 829 163 829 163 830 163 830 163 831 163 831 163 831 163 832 163 832 163 832 163 834 163 834 163 835 165 846 175 861 165 864 162 865 162 865 162 865 162 866 162 866 162 867 162 867 162 867 162 869 162 869 162 870 162 874 165 892 176 941 176 947 170 947 168 947 168 949 168 949 168 949 168 950 168 950 168 951 168 951 168 951 168 977 173 992 165 999 160 1000 160 1000 160 1000 160 1001 160 1001 160 1002 160 1032 160 1032 160 1032 160 1034 160 1034 160 1034 160 1035 160 1041 165 1054 172 1120 165 1124 195 1122 213 1049 206 1022 206 1014 213 1014 213 1014 213 1012 213 1012 213 1012 213 1011 213 1011 213 1011 213 1010 213 1010 213 1010 213 1009 213 980 207 970 213 969 215 967 215 967 215 967 215 966 215 966 215 966 215 965 215 945 213 869 207 856 213 847 217 847 217 847 217 846 217 846 217 846 218 800 218 799 217 799 217 797 217 797 217 797 217 796 217 796 217 791 213 785 208 731 213 661 218 661 220 616 220 615 218 615 218 613 218 613 218 613 218 602 212 598 211 582 212 535 217 535 217 533 217 533 217 532 217 532 217 532 217 522 212 520 211 518 212 511 218 511 220 511 220 510 220 510 220 508 220 508 220 508 220 507 220 320 211"/></Shape>
	    <String CONTENT="Qu&#39;on est plein de grâces et de doux sentiments,"
                    HPOS="318"
                    VPOS="160"
                    WIDTH="806"
                    HEIGHT="60"></String>
          </TextLine>

          
          
          <TextLine ID="eSc_line_5c4201a5"
                    TAGREFS="LT847"
                    BASELINE="323 262 962 252 1126 255" 
                    HPOS="320"
                    VPOS="215"
                    WIDTH="805"
                    HEIGHT="66">
            <Shape><Polygon POINTS="322 261 320 223 390 223 390 223 390 223 391 223 391 223 391 223 392 223 392 223 392 223 402 232 416 223 417 222 418 222 418 222 420 222 420 222 420 222 421 222 421 222 421 222 422 222 422 222 422 222 423 222 423 222 425 223 441 238 491 238 532 238 546 225 548 223 548 222 548 222 550 222 550 222 550 222 551 222 551 222 552 222 552 222 552 222 553 222 553 222 553 222 555 222 555 222 557 225 567 233 600 237 616 226 619 223 619 223 620 223 620 223 620 223 621 223 621 223 622 223 622 223 622 223 624 223 631 226 636 227 639 226 646 220 647 220 647 220 647 220 649 220 649 220 649 220 650 220 650 220 651 220 674 226 702 235 725 227 746 218 746 218 747 218 747 218 749 218 749 218 749 218 750 218 776 227 790 232 859 232 866 228 872 225 872 225 872 225 874 225 874 225 874 225 875 225 875 225 901 228 930 232 936 228 949 220 950 220 950 220 950 220 951 220 951 220 952 220 952 220 952 220 954 220 954 220 954 220 955 220 955 220 965 228 981 220 981 220 981 220 982 220 982 220 984 220 984 220 984 220 985 220 1014 228 1032 215 1034 215 1034 215 1034 215 1035 215 1035 215 1035 215 1036 215 1036 215 1037 215 1037 215 1037 215 1070 230 1072 231 1122 231 1125 255 1125 266 1072 270 1071 270 1071 270 1071 270 1070 270 1070 270 1062 267 1050 262 1042 267 1032 273 1031 273 1031 273 1031 273 1030 273 1030 273 1030 275 984 275 982 273 982 273 981 273 981 273 981 273 980 273 972 267 961 261 901 261 887 268 875 276 874 276 874 276 872 276 872 276 872 277 831 277 830 276 830 276 829 276 829 276 829 276 827 276 827 276 819 268 811 262 787 268 772 272 771 272 771 272 770 272 770 272 770 272 769 272 769 272 769 272 767 272 767 272 764 268 757 263 740 268 736 270 735 270 735 270 735 270 734 270 720 270 664 265 644 270 605 280 603 280 603 280 603 281 513 281 512 280 512 280 511 280 511 280 491 271 482 267 418 267 412 271 402 276 402 276 402 276 401 276 401 276 400 276 400 276 400 276 398 276 398 276 398 276 397 276 397 276 392 271 388 268 322 271"/></Shape>
	    <String CONTENT="Peut-on ne pas plaire et manquer de confiance,"
                    HPOS="320"
                    VPOS="215"
                    WIDTH="805"
                    HEIGHT="66"></String>
          </TextLine>

          
          
          <TextLine ID="eSc_line_a89a5b32"
                    TAGREFS="LT847"
                    BASELINE="446 316 981 311" 
                    HPOS="440"
                    VPOS="276"
                    WIDTH="542"
                    HEIGHT="47">
            <Shape><Polygon POINTS="445 315 440 291 486 278 487 278 487 278 488 278 488 278 552 287 572 290 578 287 593 277 595 277 595 277 596 277 596 277 597 277 625 277 625 277 625 277 626 277 626 277 626 277 627 277 627 277 636 285 639 287 647 285 672 277 674 277 674 277 675 277 675 277 675 277 676 277 676 277 676 277 687 283 692 286 699 283 712 277 712 277 714 277 714 277 714 277 715 277 715 277 715 277 716 277 716 277 717 277 717 277 724 282 730 287 840 287 976 276 980 310 982 315 971 322 970 322 970 322 970 322 969 322 969 322 969 323 445 323"/></Shape>
	    <String CONTENT="Au milieu de cœurs aimants ?"
                    HPOS="440"
                    VPOS="276"
                    WIDTH="542"
                    HEIGHT="47"></String>
          </TextLine>

          
          
          <TextLine ID="eSc_line_e296222d"
                    TAGREFS="LT847"
                    BASELINE="332 388 601 387 1067 373" 
                    HPOS="325"
                    VPOS="333"
                    WIDTH="741"
                    HEIGHT="75">
            <Shape><Polygon POINTS="331 387 325 366 340 350 340 350 340 348 340 348 341 348 341 348 342 348 342 348 342 348 437 346 438 346 480 348 480 348 481 348 481 348 481 348 501 358 515 348 516 348 516 348 516 348 517 348 517 348 517 348 518 348 518 348 520 348 520 348 520 348 521 348 521 348 521 350 533 361 552 355 553 355 553 355 553 355 555 355 555 355 556 355 577 361 582 362 587 361 612 350 612 350 613 350 613 350 613 350 615 350 615 350 616 350 616 350 616 350 617 350 632 360 635 361 704 361 706 358 719 347 719 347 720 347 720 347 720 347 721 347 721 347 721 347 722 347 722 347 724 347 724 347 724 347 725 347 741 357 744 358 811 358 814 356 826 347 827 347 827 347 827 347 829 347 829 347 829 347 830 347 830 347 831 347 850 352 869 338 870 338 870 338 870 338 871 338 871 338 871 338 872 338 872 338 874 338 874 338 874 338 875 338 875 338 894 355 929 343 930 343 930 343 930 343 931 343 931 343 932 343 971 353 972 353 972 353 999 333 999 333 1000 333 1000 333 1001 333 1001 333 1001 333 1002 333 1002 333 1004 333 1004 333 1004 333 1005 333 1005 333 1026 351 1064 352 1066 372 1066 381 950 390 949 390 949 390 949 390 947 390 932 385 930 383 929 385 922 391 922 391 922 391 921 391 921 391 920 391 920 391 920 391 919 391 870 390 854 400 852 400 852 400 851 400 851 400 851 400 812 401 811 401 811 401 749 388 746 388 745 388 706 403 706 403 705 403 705 403 704 403 522 396 492 408 492 408 491 408 491 408 491 408 490 408 490 408 488 408 445 395 442 395 438 395 396 403 396 403 396 403 395 403 395 403 393 403 393 403 393 403 392 403 392 403 383 396 383 396 380 396 350 403 350 403 350 403 348 403 348 403 348 403 347 403 328 397"/></Shape>
	    <String CONTENT="Oui, Louise, puisse donc, puisse ce front si beau"
                    HPOS="325"
                    VPOS="333"
                    WIDTH="741"
                    HEIGHT="75"></String>
          </TextLine>

          
          
          <TextLine ID="eSc_line_eb5bcb77"
                    TAGREFS="LT847"
                    BASELINE="328 450 1099 432" 
                    HPOS="322"
                    VPOS="395"
                    WIDTH="777"
                    HEIGHT="91">
            <Shape><Polygon POINTS="327 450 322 427 350 411 351 411 351 411 352 411 352 411 352 411 380 410 381 410 407 410 407 410 407 410 408 410 408 410 408 410 410 410 430 423 463 423 482 423 532 422 533 421 555 406 556 406 556 406 556 406 557 406 557 406 557 406 558 406 558 406 629 417 636 418 639 417 664 403 664 403 664 403 665 403 665 403 665 403 666 403 666 403 667 403 667 403 697 416 700 416 772 416 775 413 780 408 780 407 780 407 781 407 781 407 781 407 782 407 782 407 782 407 784 407 784 407 814 412 825 413 827 411 840 400 840 398 840 398 841 398 841 398 841 398 842 398 842 398 844 398 916 398 916 398 916 398 917 398 917 398 917 398 919 398 919 398 919 400 929 408 932 411 994 410 996 406 1006 396 1006 396 1006 395 1007 395 1007 395 1007 395 1009 395 1009 395 1009 395 1010 395 1095 403 1097 431 1099 446 1081 453 1081 453 1080 453 1080 453 1080 453 1079 453 1079 453 1077 453 1077 453 1062 448 1041 441 991 452 986 452 986 452 986 452 985 452 985 452 984 452 984 452 984 452 954 441 942 448 941 448 941 448 941 448 940 448 940 448 939 448 851 446 837 460 825 472 825 473 825 473 824 473 824 473 824 473 822 473 822 473 822 475 801 475 800 473 800 473 799 473 799 473 799 473 797 473 782 462 756 446 719 447 702 458 701 458 701 458 701 458 700 458 700 458 700 458 699 458 699 458 697 458 659 448 620 458 619 458 619 458 617 458 617 458 617 458 616 458 587 450 513 456 512 456 512 456 512 456 511 456 511 456 511 456 501 451 446 460 425 481 423 482 423 483 423 483 422 483 422 483 422 483 421 483 421 483 421 483 327 486"/></Shape>
	    <String CONTENT="Ne jamais s&#39;assombrir au souffle des malheurs,"
                    HPOS="322"
                    VPOS="395"
                    WIDTH="777"
                    HEIGHT="91"></String>
          </TextLine>

          
          
          <TextLine ID="eSc_line_fa0248d4"
                    TAGREFS="LT847"
                    BASELINE="346 508 1091 493" 
                    HPOS="338"
                    VPOS="457"
                    WIDTH="752"
                    HEIGHT="70">
            <Shape><Polygon POINTS="345 507 338 478 347 470 347 468 347 468 348 468 348 468 348 468 350 468 350 468 350 468 416 467 417 467 417 467 418 467 418 467 418 467 420 467 433 477 438 481 458 477 482 472 482 472 482 472 483 472 483 472 485 472 485 472 485 472 486 472 492 476 497 480 558 480 565 476 573 470 575 470 575 470 575 470 576 470 576 470 577 470 577 470 577 470 605 475 622 478 639 477 640 475 651 463 651 463 651 462 652 462 652 462 652 462 654 462 654 462 655 462 679 462 679 462 679 462 680 462 680 462 680 462 681 462 681 462 681 463 694 475 696 477 700 475 711 467 712 467 712 467 714 467 714 467 714 467 715 467 715 467 715 467 716 467 716 467 717 467 717 467 726 473 730 476 816 476 819 473 836 458 836 458 837 458 837 458 837 458 839 458 839 458 840 458 867 458 867 458 867 458 869 458 869 458 869 458 870 458 870 458 870 460 882 472 887 472 900 473 902 472 926 457 927 457 927 457 927 457 929 457 929 457 930 457 930 457 930 457 931 457 931 457 931 457 956 471 997 471 1010 471 1011 471 1022 462 1022 462 1024 462 1024 462 1025 462 1025 462 1025 462 1026 462 1026 462 1027 462 1027 462 1027 462 1029 462 1029 462 1039 471 1087 471 1090 492 1087 513 1065 502 1055 507 1055 507 1055 507 1054 507 1054 507 1052 507 1052 507 1052 507 1051 507 1031 501 882 511 881 511 881 511 811 506 791 513 777 520 777 520 776 520 776 520 776 520 775 520 775 520 774 520 774 520 774 520 761 513 747 507 726 513 715 517 714 517 714 517 712 517 712 517 712 517 711 517 711 517 704 513 690 508 669 513 651 518 650 518 650 518 649 518 649 518 610 513 583 511 580 513 573 520 573 521 573 521 572 521 572 521 572 521 571 521 571 521 571 521 570 521 570 521 568 521 568 521 550 513 541 511 528 515 503 521 502 521 502 521 501 521 501 521 501 521 500 521 485 517 471 526 470 526 470 526 470 526 468 526 468 526 468 526 361 527 360 527 360 527 358 527 358 527 358 527 357 527 357 527 341 515"/></Shape>
	    <String CONTENT="Et vos jours s&#39;écouler comme l&#39;eau du ruisseau,"
                    HPOS="338"
                    VPOS="457"
                    WIDTH="752"
                    HEIGHT="70"></String>
          </TextLine>

          
          
          <TextLine ID="eSc_line_1f923d71"
                    TAGREFS="LT847"
                    BASELINE="495 566 946 558" 
                    HPOS="491"
                    VPOS="512"
                    WIDTH="454"
                    HEIGHT="71">
            <Shape><Polygon POINTS="493 565 491 518 543 518 543 518 543 518 545 518 545 518 545 518 546 518 546 518 546 520 546 520 563 537 586 537 596 527 596 526 596 526 597 526 597 526 597 526 598 526 598 526 600 526 600 526 600 526 601 526 631 536 642 526 642 526 644 526 644 526 644 526 645 526 645 526 646 526 646 526 646 526 647 526 647 526 647 526 666 536 699 536 710 523 716 518 716 517 716 517 717 517 717 517 717 517 719 517 719 517 720 517 720 517 720 517 721 517 721 517 722 517 722 517 732 525 735 526 744 525 824 513 824 513 825 513 825 513 825 513 826 513 826 513 826 513 852 527 891 512 891 512 892 512 892 512 894 512 894 512 894 512 895 512 895 512 895 512 896 512 896 512 896 513 914 530 915 531 941 531 945 557 942 571 881 566 862 566 857 572 850 578 850 580 850 580 849 580 849 580 849 580 847 580 847 580 846 580 846 580 785 573 776 572 774 573 764 581 764 581 762 581 762 581 761 581 761 581 761 581 760 581 760 581 759 581 759 581 759 581 757 581 745 573 744 572 736 573 691 581 691 581 690 581 690 581 690 581 689 581 689 581 689 581 687 581 677 573 675 573 598 573 597 575 588 582 588 583 588 583 587 583 587 583 587 583 586 583 586 583 586 583 585 583 585 583 583 583 583 583 583 583 582 583 582 583 572 576 493 576"/></Shape>
	    <String CONTENT="Qui fait à travers les fleurs."
                    HPOS="491"
                    VPOS="512"
                    WIDTH="454"
                    HEIGHT="71"></String>
          </TextLine>

          
          
          <TextLine ID="eSc_line_c1703fec"
                    TAGREFS="LT847"
                    BASELINE="330 637 1091 630" 
                    HPOS="326"
                    VPOS="591"
                    WIDTH="764"
                    HEIGHT="69">
            <Shape><Polygon POINTS="328 636 326 615 346 613 362 597 362 596 362 596 363 596 363 596 363 596 365 596 365 596 366 596 421 596 421 596 421 596 422 596 422 596 423 596 423 596 440 608 463 598 463 598 465 598 465 598 465 598 466 598 466 598 467 598 467 598 496 610 497 611 526 611 531 608 538 603 540 603 540 603 540 603 541 603 541 603 542 603 542 603 587 607 632 611 722 611 745 603 752 601 754 601 754 601 755 601 755 601 755 601 756 601 762 602 776 607 791 602 816 592 816 592 817 592 817 592 819 592 819 592 819 592 820 592 820 592 839 601 856 610 874 610 884 600 890 593 890 592 890 592 891 592 891 592 891 592 892 592 892 592 894 592 894 592 894 592 924 598 925 598 925 598 937 591 939 591 939 591 940 591 940 591 940 591 941 591 941 591 942 591 942 591 942 591 944 591 954 597 965 606 977 597 986 591 987 591 987 591 987 591 989 591 989 591 989 591 990 591 990 591 991 591 991 591 991 591 1002 596 1022 607 1041 595 1047 591 1049 591 1049 591 1049 591 1050 591 1050 591 1051 591 1051 591 1087 595 1090 630 1087 648 1054 637 937 637 911 646 910 646 910 646 910 646 909 646 809 638 791 647 771 657 771 657 771 657 770 657 770 657 770 658 722 658 721 657 721 657 720 657 720 657 691 646 687 645 684 646 659 657 659 657 657 657 657 657 657 657 621 658 620 658 620 658 619 658 619 658 619 658 617 658 617 658 617 657 603 646 602 645 573 645 571 646 553 658 552 658 552 658 552 658 551 658 551 658 551 660 492 660 491 658 491 658 490 658 490 658 490 658 488 658 488 658 472 645 471 643 388 642 382 645 360 652 360 652 358 652 358 652 357 652 357 652 357 652 356 652 326 643"/></Shape>
	    <String CONTENT="Mais si vos yeux un jour de pleurs étaient voilés,"
                    HPOS="326"
                    VPOS="591"
                    WIDTH="764"
                    HEIGHT="69"></String>
          </TextLine>

          
          
          <TextLine ID="eSc_line_8861ec54"
                    TAGREFS="LT847"
                    BASELINE="342 703 1162 695" 
                    HPOS="336"
                    VPOS="656"
                    WIDTH="825"
                    HEIGHT="62">
            <Shape><Polygon POINTS="341 702 336 680 366 662 367 662 367 662 368 662 368 662 370 662 410 662 410 662 410 662 411 662 411 662 411 662 412 662 412 662 430 678 462 678 473 671 475 671 475 671 475 671 476 671 476 671 477 671 477 671 533 676 560 662 560 662 560 662 561 662 561 662 561 662 620 660 621 660 656 660 656 660 656 660 657 660 657 660 657 660 659 660 659 660 677 675 711 668 711 668 712 668 712 668 712 668 744 675 761 660 761 658 761 658 762 658 762 658 764 658 764 658 764 658 765 658 765 658 766 658 766 658 786 666 794 658 794 658 795 658 795 658 795 658 796 658 796 658 797 658 840 658 840 658 840 658 841 658 841 658 841 658 842 658 842 658 842 660 855 671 885 672 959 672 980 661 980 661 980 661 981 661 981 661 982 661 982 661 982 661 984 661 984 661 984 661 985 661 985 661 997 672 1021 656 1022 656 1022 656 1022 656 1024 656 1024 656 1025 656 1025 656 1025 656 1026 656 1026 656 1057 671 1159 672 1161 695 1161 711 1041 713 1040 713 1040 713 1039 713 1039 713 1039 713 1037 713 1035 711 1026 706 1017 711 1017 711 1017 711 1017 711 1016 711 1016 711 1015 711 1015 711 1014 711 946 703 866 711 862 711 862 711 861 711 861 711 860 711 860 711 860 711 860 711 847 705 831 711 825 713 825 713 824 713 824 713 822 713 822 713 822 713 810 711 784 705 770 711 761 715 761 715 760 715 760 715 760 715 759 715 759 715 759 715 757 715 757 715 757 715 756 715 756 715 752 711 749 708 731 711 696 716 696 716 695 716 695 716 660 711 635 707 624 711 608 716 608 716 607 716 607 716 606 716 606 716 555 711 531 708 512 711 456 718 456 718 455 718 455 718 455 718 416 711 405 708 341 710"/></Shape>
	    <String CONTENT="Si jamais votre beau ciel s&#39;obscurcissait d&#39;un nuage,"
                    HPOS="336"
                    VPOS="656"
                    WIDTH="825"
                    HEIGHT="62"></String>
          </TextLine>

          
          
          <TextLine ID="eSc_line_c6fc257b"
                    TAGREFS="LT847"
                    BASELINE="341 768 1092 765" 
                    HPOS="335"
                    VPOS="728"
                    WIDTH="756"
                    HEIGHT="70">
            <Shape><Polygon POINTS="340 767 335 741 345 731 345 730 345 730 346 730 346 730 346 730 347 730 347 730 348 730 378 730 378 730 378 730 380 730 380 730 405 741 406 742 438 742 442 741 483 730 485 730 485 730 486 730 486 730 486 730 487 730 487 730 487 730 488 730 488 730 488 731 496 737 518 733 518 733 520 733 520 733 520 733 521 733 521 733 522 733 522 733 532 741 535 743 562 743 567 741 595 730 595 730 596 730 596 730 597 730 681 730 681 730 717 732 717 732 719 732 719 732 719 732 720 732 720 732 730 741 731 741 731 741 775 732 775 732 775 732 776 732 776 732 777 732 777 732 777 732 779 732 779 732 779 733 789 741 789 742 925 742 925 741 952 728 952 728 954 728 954 728 954 728 955 728 955 728 955 728 956 728 956 728 957 728 977 741 1005 728 1005 728 1006 728 1006 728 1006 728 1007 728 1007 728 1009 728 1009 728 1009 728 1010 728 1010 728 1010 730 1022 741 1022 742 1089 742 1091 765 1090 782 1022 776 1011 782 989 796 987 796 987 796 986 796 986 796 986 797 950 797 949 796 949 796 947 796 947 796 947 796 946 796 946 796 929 782 929 782 927 782 912 796 912 796 911 796 911 796 911 796 910 796 910 796 910 797 829 797 827 796 827 796 826 796 826 796 826 796 800 782 789 776 701 782 666 783 665 783 665 783 637 781 590 777 581 781 570 787 570 787 570 787 568 787 568 787 567 787 567 787 567 787 536 781 517 777 510 781 480 797 480 797 480 797 478 797 478 797 478 798 451 798 450 797 450 797 448 797 448 797 448 797 447 797 447 797 447 796 432 782 401 797 401 797 401 797 400 797 400 797 400 798 360 798 358 797 358 797 357 797 357 797 357 797 356 797 356 797 336 781"/></Shape>
	    <String CONTENT="Regardez un instant ces vœux que j&#39;ai formés,"
                    HPOS="335"
                    VPOS="728"
                    WIDTH="756"
                    HEIGHT="70"></String>
          </TextLine>

          
          
          <TextLine ID="eSc_line_b1da79c4"
                    TAGREFS="LT847"
                    BASELINE="487 833 917 833" 
                    HPOS="482"
                    VPOS="795"
                    WIDTH="434"
                    HEIGHT="90">
            <Shape><Polygon POINTS="486 832 482 811 506 795 507 795 507 795 507 795 508 795 508 795 510 795 557 795 557 795 557 795 558 795 558 795 558 795 560 795 560 795 576 808 641 808 650 800 650 798 650 798 651 798 651 798 651 798 652 798 652 798 652 798 654 798 654 798 709 807 742 795 742 795 744 795 744 795 745 795 745 795 745 795 746 795 746 795 747 795 770 808 794 798 794 798 795 798 795 798 795 798 796 798 796 798 797 798 797 798 797 798 799 798 799 798 799 800 806 807 916 811 916 832 916 857 869 857 850 873 850 875 850 875 849 875 849 875 849 875 847 875 847 875 846 875 846 875 846 875 832 872 811 883 811 883 811 883 810 883 810 883 810 883 809 883 680 878 667 885 667 885 667 885 666 885 666 885 666 885 665 885 665 885 664 885 640 878 627 885 627 885 627 885 626 885 626 885 626 885 625 885 625 885 624 885 624 885 596 875 567 882 566 882 566 882 565 882 565 882 565 882 563 882 563 882 563 882 562 882 562 882 533 857 486 857"/></Shape>
	    <String CONTENT="Et vous reprendrez courage."
                    HPOS="482"
                    VPOS="795"
                    WIDTH="434"
                    HEIGHT="90"></String>
          </TextLine>

          
          
          <TextLine ID="eSc_line_3521ac28"
                    TAGREFS="LT847"
                    BASELINE="342 896 1144 905" 
                    HPOS="340"
                    VPOS="855"
                    WIDTH="805"
                    HEIGHT="71">
            <Shape><Polygon POINTS="341 895 341 855 422 855 422 855 422 855 423 855 423 855 423 855 425 855 425 855 425 856 427 857 440 871 497 876 523 870 525 870 525 870 526 870 526 870 526 870 570 877 592 863 592 863 593 863 593 863 595 863 595 863 595 863 596 863 596 863 597 863 597 863 600 863 637 880 697 880 712 870 714 870 714 870 714 870 715 870 715 870 716 870 716 870 716 870 760 880 794 871 825 863 826 863 826 863 827 863 827 863 827 863 829 863 865 875 877 878 881 875 886 871 886 870 886 870 887 870 887 870 887 870 889 870 889 870 889 870 890 870 890 870 891 870 915 876 921 877 925 877 956 870 956 870 956 870 957 870 957 870 957 870 959 870 959 870 980 878 982 880 985 878 1024 862 1024 862 1025 862 1025 862 1025 862 1026 862 1026 862 1027 862 1027 862 1027 862 1029 862 1029 862 1029 863 1044 878 1062 870 1062 870 1064 870 1064 870 1064 870 1065 870 1065 870 1066 870 1066 870 1066 870 1087 880 1127 875 1127 875 1129 875 1129 875 1129 875 1130 875 1130 875 1131 875 1131 875 1145 885 1142 905 1139 926 1102 912 1040 910 914 918 912 918 912 918 912 918 911 918 911 918 911 918 910 918 910 918 899 908 870 921 864 923 864 923 862 923 862 923 861 923 779 922 779 922 779 922 777 922 777 922 777 922 771 918 760 913 744 918 735 921 734 921 734 921 734 921 732 921 732 921 731 921 731 921 724 918 695 906 642 912 642 912 641 912 538 903 523 913 518 918 518 918 517 918 517 918 517 918 516 918 516 918 516 920 448 920 447 918 447 918 446 918 446 918 446 918 445 918 445 918 445 917 438 912 428 902 340 910"/></Shape>
	    <String CONTENT="Pour moi, qui, comme vous, apparais sur la scène,"
                    HPOS="340"
                    VPOS="855"
                    WIDTH="805"
                    HEIGHT="71"></String>
          </TextLine>

          
          
          <TextLine ID="eSc_line_6578d8bd"
                    TAGREFS="LT847"
                    BASELINE="336 956 1114 965" 
                    HPOS="332"
                    VPOS="915"
                    WIDTH="782"
                    HEIGHT="91">
            <Shape><Polygon POINTS="335 955 332 933 366 915 366 915 366 915 367 915 367 915 368 915 407 915 407 915 407 915 408 915 408 915 408 915 410 915 410 915 410 916 430 935 481 935 498 925 498 925 498 925 500 925 500 925 500 925 501 925 501 925 501 925 502 925 502 925 523 935 551 920 551 920 551 920 552 920 552 920 552 920 553 920 553 920 553 920 555 920 555 920 582 932 605 917 606 917 606 917 606 917 607 917 607 917 608 917 608 917 608 917 610 917 610 917 610 917 611 917 611 917 611 918 629 936 732 937 772 920 772 920 774 920 774 920 774 920 775 920 775 920 776 920 776 920 776 920 777 920 777 920 796 936 822 938 855 922 855 922 855 922 856 922 856 922 857 922 857 922 857 922 859 922 876 927 912 921 912 921 914 921 914 921 914 921 915 921 915 921 915 921 940 935 947 927 947 927 949 927 949 927 949 927 950 927 950 927 950 927 951 927 951 927 952 927 971 932 1007 922 1009 922 1009 922 1010 922 1010 922 1010 922 1011 922 1011 922 1049 937 1082 935 1082 935 1084 935 1084 935 1085 935 1114 943 1112 965 1109 986 1069 972 1019 978 1019 978 1017 978 1017 978 1016 978 989 971 907 978 907 978 906 978 906 978 875 973 839 992 812 1006 812 1006 812 1006 811 1006 811 1006 811 1006 810 1006 810 1006 809 1006 809 1006 809 1006 807 1006 807 1006 807 1005 795 993 772 971 741 968 726 975 726 975 725 975 725 975 725 975 724 975 724 975 722 975 722 975 722 975 706 966 692 976 691 976 691 976 691 976 690 976 690 976 690 976 689 976 689 976 687 976 687 976 687 976 686 976 675 968 646 973 646 973 645 973 645 973 645 973 644 973 644 973 630 967 605 981 605 981 605 981 603 981 603 981 603 981 602 981 602 981 602 981 601 981 601 981 590 976 565 993 563 993 563 993 563 993 562 993 562 993 561 993 561 993 561 993 560 993 560 993 560 993 558 993 558 992 527 966 517 966 490 982 488 982 488 982 488 982 487 982 487 982 487 983 470 983 447 1001 442 1006 442 1006 441 1006 441 1006 441 1006 440 1006 440 1006 438 1006 332 1003"/></Shape>
	    <String CONTENT="Si j&#39;ai sondé pour vous les mystères de l&#39;avenir,"
                    HPOS="332"
                    VPOS="915"
                    WIDTH="782"
                    HEIGHT="91"></String>
          </TextLine>

          
          
          <TextLine ID="eSc_line_a17a08b6"
                    TAGREFS="LT847"
                    BASELINE="345 1018 1101 1030" 
                    HPOS="340"
                    VPOS="981"
                    WIDTH="761"
                    HEIGHT="79">
            <Shape><Polygon POINTS="343 1017 340 996 360 981 360 981 361 981 361 981 362 981 362 981 362 981 363 981 363 981 365 981 365 981 365 981 366 981 366 981 382 993 390 987 390 987 391 987 391 987 391 987 392 987 392 987 393 987 393 987 393 987 395 987 395 987 415 996 452 990 452 990 453 990 453 990 453 990 455 990 455 990 455 990 456 990 466 997 561 997 571 990 571 990 572 990 572 990 572 990 573 990 573 990 575 990 575 990 575 990 576 990 576 990 577 990 588 997 601 986 601 985 601 985 602 985 602 985 602 985 603 985 603 985 605 985 641 985 641 985 694 986 694 986 694 986 695 986 695 986 695 986 696 986 696 986 711 1000 732 1001 851 990 851 990 852 990 852 990 854 990 854 990 892 1005 917 1005 937 990 939 990 939 990 939 990 940 990 940 990 940 990 941 990 982 991 982 991 982 991 984 991 984 991 984 991 985 991 985 991 997 1002 1017 991 1017 991 1017 991 1019 991 1019 991 1020 991 1020 991 1020 991 1021 991 1021 991 1021 991 1049 1006 1080 998 1081 998 1081 998 1082 998 1082 998 1082 998 1084 998 1084 998 1085 998 1101 1008 1100 1030 1097 1048 1059 1043 1050 1048 1040 1056 1039 1056 1039 1056 1039 1056 1037 1056 1037 1056 954 1060 952 1060 952 1060 951 1060 951 1060 951 1060 950 1060 950 1060 950 1058 940 1048 931 1041 856 1048 856 1048 856 1048 855 1048 855 1048 855 1048 854 1048 854 1048 854 1048 852 1048 841 1041 827 1048 821 1053 820 1053 820 1053 820 1053 819 1053 819 1053 817 1053 817 1053 817 1053 816 1053 802 1048 789 1045 785 1048 780 1052 780 1053 779 1053 779 1053 779 1053 777 1053 777 1053 777 1055 751 1055 750 1053 750 1053 749 1053 749 1053 749 1053 747 1053 741 1048 739 1047 736 1048 730 1052 730 1052 730 1052 729 1052 729 1052 729 1052 727 1052 727 1052 726 1052 726 1052 726 1052 725 1052 725 1052 725 1051 722 1048 711 1038 695 1048 686 1055 685 1055 685 1055 685 1055 684 1055 684 1055 682 1055 682 1055 616 1048 603 1048 597 1048 572 1053 572 1053 572 1053 571 1053 571 1053 570 1053 570 1053 570 1053 561 1048 531 1033 385 1032 360 1048 360 1050 358 1050 358 1050 358 1050 357 1050 357 1050 357 1050 356 1050 341 1048"/></Shape>
	    <String CONTENT="Je ne veux en retour, pour mon aimable peine,"
                    HPOS="340"
                    VPOS="981"
                    WIDTH="761"
                    HEIGHT="79"></String>
          </TextLine>

          
          
          <TextLine ID="eSc_line_a6048aef"
                    TAGREFS="LT847"
                    BASELINE="418 1090 1010 1098" 
                    HPOS="413"
                    VPOS="1057"
                    WIDTH="596"
                    HEIGHT="66">
            <Shape><Polygon POINTS="417 1090 417 1063 558 1070 565 1066 578 1057 580 1057 580 1057 580 1057 581 1057 581 1057 582 1057 582 1057 582 1057 583 1057 583 1057 605 1067 613 1071 621 1067 645 1058 645 1058 646 1058 646 1058 647 1058 699 1058 699 1058 699 1058 700 1058 700 1058 700 1058 701 1058 701 1058 701 1060 701 1060 710 1068 722 1060 724 1060 724 1060 724 1060 725 1060 725 1060 726 1060 779 1060 779 1060 779 1060 780 1060 780 1060 780 1060 781 1060 781 1060 781 1061 790 1070 832 1072 835 1072 835 1072 871 1061 872 1061 872 1061 872 1061 874 1061 874 1061 875 1061 875 1061 875 1061 876 1061 876 1061 876 1062 887 1072 904 1062 905 1062 905 1062 905 1062 906 1062 906 1062 907 1062 907 1062 1007 1077 1009 1097 1009 1107 971 1118 970 1118 970 1118 970 1118 969 1118 969 1118 967 1118 967 1118 944 1110 910 1122 910 1122 909 1122 909 1122 909 1122 907 1122 907 1122 906 1122 906 1122 882 1113 874 1122 874 1123 874 1123 872 1123 872 1123 872 1123 871 1123 871 1123 870 1123 870 1123 870 1123 869 1123 869 1123 867 1123 846 1111 835 1117 835 1117 835 1117 834 1117 834 1117 834 1117 832 1117 832 1117 782 1110 745 1121 744 1121 744 1121 742 1121 742 1121 721 1118 721 1118 720 1118 720 1118 720 1118 719 1118 719 1118 719 1117 706 1105 705 1105 682 1105 682 1105 665 1121 665 1122 665 1122 664 1122 664 1122 664 1122 662 1122 662 1122 662 1123 615 1123 613 1122 581 1121 581 1121 581 1121 580 1121 580 1121 580 1121 578 1121 578 1121 578 1120 567 1110 557 1118 557 1118 556 1118 556 1118 556 1118 555 1118 555 1118 555 1120 535 1120 533 1118 533 1118 532 1118 532 1118 532 1118 503 1103 500 1102 472 1102 471 1103 465 1108 465 1110 465 1110 463 1110 463 1110 463 1110 462 1110 462 1110 461 1110 461 1110 461 1110 460 1110 460 1110 445 1103 437 1111 437 1111 437 1111 436 1111 436 1111 435 1111 435 1111 435 1111 433 1111 433 1111 433 1111 432 1111 432 1111 413 1102"/></Shape>
	    <String CONTENT="Qu&#39;un simple et doux souvenir."
                    HPOS="413"
                    VPOS="1057"
                    WIDTH="596"
                    HEIGHT="66"></String>
          </TextLine>

          
          
          <TextLine ID="eSc_line_4914d98e"
                    TAGREFS="LT847"
                    BASELINE="847 1207 995 1212" 
                    HPOS="844"
                    VPOS="1150"
                    WIDTH="151"
                    HEIGHT="78">
            <Shape><Polygon POINTS="846 1206 844 1166 880 1150 880 1150 881 1150 881 1150 881 1150 882 1150 900 1151 900 1151 901 1151 901 1151 901 1151 902 1151 902 1151 902 1152 917 1166 937 1155 939 1155 939 1155 940 1155 940 1155 940 1155 941 1155 941 1155 942 1155 995 1171 994 1211 992 1221 921 1228 921 1228 920 1228 920 1228 844 1215"/></Shape>
	    <String CONTENT="O.A.C"
                    HPOS="844"
                    VPOS="1150"
                    WIDTH="151"
                    HEIGHT="78"></String>
          </TextLine>

          
        </TextBlock>
        

        
      </PrintSpace>
    </Page>
  </Layout>
</alto>
