1204 1500
160 55 578 82 A ma nièce Marie Louise

130 135 695 57 Tu me l'as dit et redit bien des fois :

100 182 817 64 "Dans mon Album il faut qu'à votre choix

110 230 677 60 "Vous inscriviez des vers ou de la prose ;

113 271 804 65 "Car, mon cher oncle, on croit ou l'on suppose

108 317 568 61 " (Pour vous parler avec sincérité)

102 361 656 61 "Defaut chez vous de bonne volonté.

117 410 701 57 "Vous le voyez le cas est assez grave

122 451 733 67 "Pour n'être plus à refuser si brave."

128 501 634 57 - A tes désirs, Louise, je me rends.

133 555 790 55 Mais comme moi tu sais et tu comprends

138 596 788 56 Qu'il me faudrait être un nouveau Pindare,

138 640 707 63 Et m'enflammer aux sons de la guitare,

136 685 582 75 Pour ajouter aux éloges pompeux

131 731 690 54 Qu'ont fait de toi sur un ton doucereux

137 771 736 54 Des chevaliers au cœur plein de tendresse.

132 811 781 56 S'il faut les croire oh ! vraiment je confesse

137 847 661 60 Duc des beautés tu es la fine fleur

143 888 645 59 Et que du ciel par un rare bonheur,

135 931 697 59 Tu réunis tous les dons en ton âme.

131 968 736 63 Sans toutefois vouloir jeter du blâme

130 1008 686 74 Sur des écrits par l'amour inspirés

132 1053 670 62 Et pour ce livre avec soin épurés,

132 1090 655 60 Je te dirai : "Garde-toi, ma Louise,

101 1131 779 76 (C'est pour ton bien, souffre que je le dise)

125 1185 655 58 De recevoir comme articles de foi

130 1217 748 88 Les compliments que l'on a fait pour toi.

116 1263 836 88 Ils sont, crois-moi, souvent de contrebande

121 1306 852 87 Et passent bien sans que le cœur commande.

113 1361 864 64 Mais quant aux voeux formés pour ton bonheur

116 1402 725 61 Accepte-les toujours avec faveur ;
