1207 1500
352 142 456 81 A D^elle Louise Trudelle.

246 282 740 66 De cette vie au printemps, qui sur une nacelle,

248 347 705 66 Vient d'être abandonnée au souffle de zephir

246 402 710 70 Je voudrais pénétrer, d'une ardente prunelle,

385 461 350 62 Le voile de l'avenir.

251 562 678 70 On nous dit, sans cesser, pendant le jeune âge,

252 618 719 67 Que tous les autres jours sont tissus de douleurs,

248 695 645 57 Que de cet Inconnu le ténébreux nuage,

378 756 482 57 Ne nous cache que des pleurs.

251 833 703 73 On nous dit, que l'honneur, la fidèle amitié,

251 905 747 71 Ne sont plus, de nos jours, qu'une vaine parure,

252 958 663 77 Dont s'ornent, à l'envie, plus de la moitié,

404 1028 410 72 Pour assurer leur parjure.

262 1141 741 61 On nous dit, que l'ennui, la morne inquiétude,

267 1195 769 66 Se coudoyant l'un l'autre, à l'heure du Plaisir,

246 1262 749 70 Déposent dans sa coupe, alors que l'on prélude,

375 1322 422 84 L'âcre fiel du repentir.
