1966 2638
292 101 81 118 125

290 125 1522 149 , car elle n'en pouvait manquer étant

345 182 1504 149 belle fille et non sans avoir. Landry

312 261 1467 168 la regardait du coin de l'œil

338 320 1509 141 la fadette etait restée dans l'église, disant

419 365 154 55 petite

347 364 1493 170 de longues prieres après les autres ; et elle

857 472 132 51 ainsi

329 426 1500 180 faisait >< >< tous les dimanches,

340 492 1489 160 soit par grande dévotion selon les uns,

358 531 1489 196 soit, selon d'autres, pour mieux cacher son

367 657 796 125 jeu avec le diable.

420 648 1385 191 Landry fut bien peiné de voir que

360 721 1482 184 la Madelon ne montrait aucun souci

378 784 1431 181 à son endroit, qu'elle etait rouge de

354 850 1444 209 plaisir comme une fraise, et qu'elle

369 923 1487 180 se consolait très bien de l'affront qu'il

369 969 1484 189 s'était vu forcé de lui faire. Il s'avisa

980 1107 84 47 de

365 1055 1455 215 >< alors ce qui ne lui était

1360 1117 244 68 a savoir

391 1107 1467 214 pas encore venu a l'idée, quelle pouvait

376 1176 1469 200 bien se ressentir d'un peu-beaucoup de

369 1246 1436 202 coquetterie, et que, dans tous les cas,

362 1299 1491 213 elle n'avait pas pour lui grande atta-

356 1387 1497 213 che, puisqu'elle s'amusait si bien sans

360 1442 1487 222 lui. Il est vrai qu'il se savait dans son

332 1521 1497 193 tort, du moins par apparence : mais

343 1595 1491 196 elle l'avait vu bien chagriné sous la

343 1675 1499 200 ramée, et elle aurait >bien< pu deviner

345 1749 1484 249 qu'il y avait là-dessous quelque chose

373 1833 1478 200 qu'il >voudrait< pouvoir lui expliquer.

646 1883 400 62 aurait voulu

369 1886 1482 198 Elle ne s'en souciait mie pourtant, et

406 1949 1436 216 elle était gaie comme un ><

318 2099 174 75 biquet

338 2020 1438 222 Quand son cœur, à lui, se fendant

382 2185 565 99 de chagrin.

424 2160 1339 194 Quand elle eut contenté ses trois

354 2248 1513 181 danseurs, Landry s'approcha d'elle, desirant

362 2321 1445 198 lui parler en secret et se justifiait de
