1966 2638
279 131 193 145 en ligne

292 96 66 123 86

376 126 1475 170 que sa sœur Nannette, laquelle, jusque

345 211 1481 149 alors, lavait toujours consolé et réjoui

384 223 1493 214 par >beaucoup< de soins très doux et d'attentions

398 327 1455 150 migardes, commençait à se plaire beau-

332 378 1517 175 -coup dans la societé de ce même fadet

389 444 1453 153 Caillaud, dont les deux familles approuvaient

384 496 1428 183 fort l'inclination ; le pauvre Sylvinet,

389 562 1418 163 dont la fantaisie etait de posséder à

391 624 1462 171 lui tout seul l'amitié de ceux qu'il aimait,

380 683 1473 169 tomba dans un ennui mortel, dans une

389 734 1436 182 langueur singulière, et son esprit se

393 784 1427 200 rembrunit si fort qu'on ne savait pas

391 817 1451 229 où le prendre pour le contenter. Il ne

391 923 1454 198 riait plus jamais : il ne prenait goût

411 1009 1379 149 à rien, il ne pouvait plus guère

409 1063 1442 168 travailler, tant il se consumait et s'affai-

389 1125 1440 167 -blissait. Enfin on craignit pour sa vie,

387 1178 1460 187 car la fièvre ne le quittait presque plus,

387 1244 1422 176 et, quand il l'avait un peu plus que

391 1312 1469 169 d'habitude, il disait des choses qui n'avaient

391 1376 1471 191 pas grand' saison et qui etaient cruelles

393 1428 1478 200 pour le cœur de ses parens. Il prétendait

393 1497 1467 180 n'être aimé de personne, lui, qu'on avait

406 1543 1445 200 toujours choyé et gâté plus que tous les

389 1609 1467 195 autres dans la famille. Il souhaitait

395 1677 1472 182 la mort, disant qu'il n'était bon à rien,

402 1749 1467 192 qu'on l'epargnait par compassion de son

417 1807 1454 186 état, mais qu'il etait une charge pour

422 1879 1442 183 ses parens, et que la plus grande grâce

426 1936 1425 198 que le Bon Dieu put leur faire, ce

437 2022 1139 156 serait de les débarrasser de lui.

406 2055 1432 220 Quelquefois le père Barbeau, entendant ces

433 2123 1392 213 paroles peu chrétiennes, l'en blâmait

431 2198 1442 191 avec >un peu de< sévérité. Cela n'amenait

417 2262 1445 222 rien de bon. D'autres fois la mere Barbeau
