1966 2638
257 125 70 59 33

318 103 1513 127 la sienne. - viens, frère, lui dit il, si

347 160 1328 149 nous pouvons nous décider à la

332 195 1491 202 séparation, >il vaut< mieux vaut que

340 265 1384 190 Je m'en aille. Tu sais bien que je

402 323 1383 158 suis un peu plus fort que toi et

351 380 1467 189 que quand nous sommes malades, ce

347 450 1473 187 qui arrive jusque toujours en même

358 514 1440 178 tems, la fièvre se met plus fort

360 560 1463 191 après tois qu'après moi. On dit que

351 626 1476 185 nous mourrons peut être si - on nous

362 683 1436 235 sépare. Moi je ne crois pas que je

367 751 1453 187 mourrai ; mais je ne répondrais pas

1453 824 174 152 mêre

367 819 1447 185 de toi, et c'est pour cela que j'aime

345 877 1467 211 mieux te savoir avec notre >pere< qui

380 954 1381 167 te consolera et te soignera. De

376 1013 1376 178 fait, si l'on fait chez nous, une

415 1072 1379 196 différence entre nous deux, ce qui

367 1125 1445 187 ne parait guères, je crois bien que

358 1193 1423 183 c'est toi qui est le plus chéri, et je

384 1275 1428 167 sais que tu es le plus mignon et

393 1321 1425 187 le plus amiteux. Reste donc, moi je

376 1402 1416 180 partirai. Nous ne serons pas loin

382 1457 1390 180 l'un de l'autre. Les terres du pêre

378 1521 1449 200 Caillaud touchent les nôtres, et nous

391 1587 1443 187 nous verrons tous les jours. moi j'aime

382 1672 1454 183 la perine et ça me distraira, et comme

365 1727 1462 205 Je cours mieux que toi, Je viendrai

382 1793 1452 211 plus vite te trouver aussitot que >Je<

389 1883 1442 196 j'aurai fini ma journée. Toi, n'ayant

406 1958 1423 178 pas grand chose à faire, tu viendras

409 2040 1425 156 en te promenant me voir à mon

391 2110 1456 156 ouvrage. Je serai bien moins inquiet

382 2171 1454 165 à ton sujet, que si tu étais dehors

384 2231 1353 160 et moi dedans la maison. Par

384 2301 1263 165 ainsi, je te demande d'y rester.
