7279 4616
3589 530 1539 139 c'est elle le premier amour !

3708 369 1489 219 Le printemps c'est la jeune fille !

3639 623 1558 138 Dans ses yeux d'avril tour à tour

3666 715 1512 142 Le long regard le mouille ou brille.

3681 865 1505 142 L'automne est l'homme déjà mûr

3654 965 1501 123 Qui se souvient de sa jeunesse, -

3662 1050 1458 111 Et son regard a la tendresse

3651 1130 1531 143 D'un coeur souffrant profond et sûr

3654 1284 1435 127 C'est un été plus tendre encore,

3627 1369 1589 165 C'est un printemps toujours plus beau !

3674 1480 1385 124 C'est un suprême renouveau,

3708 1573 1481 111 Un couchant qui serait [?] !

3697 1727 1439 127 Pour se parler à cœur ouvert,

3693 1819 1523 165 Oui, c'est bien ainsi que je t'aime !

3693 1919 1262 138 A toi le sourire suprême

3704 2007 1497 174 De ceux qui jadis ont souffert !-

3751 2192 1296 150 Je t'apporte un cœur entier,

3731 2284 1412 162 Brûlant des premières fièvres,

3778 2388 1315 131 Et la virginité des lèvres

3766 2492 1331 262 Que tu baiseras le premier.

5347 530 1412 131 Je te donne mes dix-huit ans

5370 438 1431 146 Et je te donne ma jeunesse !

5332 719 1369 134 Ô ma première tendresse !

5359 615 1466 162 Et le baiser de mon printemps,

5359 861 1239 150 Le [?] porte avec elle

5374 969 1470 119 Le renouveau du cœur viril

5370 1061 1385 123 Aimer, c'est l'éternel avril

5389 1161 1470 146 Et c'est la jeunesse éternelle !

5374 1434 1470 139 En échange d'un cœur de femme,

5405 1327 1462 130 Et moi, je demande à mon tour

5382 1515 1458 146 Le dernier printemps de ton âme,

5374 1619 1474 135 Et d'être ton dernier amour !

6748 546 69 107 13
