7263 4616
4312 2096 627 146 Mon Rêve.

4958 2081 508 146 A L'Aimé

4020 2231 1615 130 Te revoir ! - bien souvent j'en fais

4004 2404 1570 138 Te revoir, ô si cher, et te baiser les

5043 2327 608 161 le divin rêve !

3996 2554 1689 161 Ah ! que l'aube lointaine et charmante

5277 2531 327 88 yeux ? -

4016 2723 1442 135 Et qu'il vienne, ce jour lointain

5262 2681 339 127 se lève,

4031 2938 1558 123 Qu'il vienne ! - Je l'attends, dans

5120 2823 554 138 et radieux !-

4054 3115 1389 127 J'attends, comme on attend le

4843 3027 823 142 une nuit profonde,

4016 3273 1550 158 Les larmes ont coulé plus amères

4943 3196 708 139 le lever du soleil !-

4012 3454 1654 169 Après le divin rêve, un lugubre réveil !

5101 3400 530 123 que l'onde ;

4000 3619 1639 166 Avec de larges expoirs et d'impatientes

4020 3800 1573 131 J'attends, comme en hiver on attend

5270 3731 284 123 fièvres,

4023 3958 1597 157 Les lèvres sur les yeux ! - Les lèvres

5016 3896 627 127 le printemps !-

4020 4081 1650 199 Et j'espère pourtant en vain depuis longtemps.

4993 4081 631 96 sur tes lèvres !-

5497 2104 119 119 14
