7263 4616
1811 484 1489 158 Ce désir seul peut m'émouvoir.

1769 565 1304 158 L'aube que le soleil colore

1819 642 1512 152 Porte moins de joie au ciel noir

1800 756 1481 159 Mais je n'ose espérer encore ?-

1804 896 1531 165 Mon cœur, -si tu pouvais le voir !

1802 988 1517 185 Qu'un mal lent et profond dévore

1750 1088 1535 200 Murmure toujours : au revoir !

1804 1184 1488 216 Sans oser l'espérer encore !-

5628 1984 527 189 Le Revoir.

5308 2169 1639 154 Pour un soir, je te donne un lointain

5297 2350 1589 150 Viens-tu ? - Je t'ai donné rendez-vous

6374 2296 550 112 rendez-vous...

5312 2531 1627 127 Le revoir silencieux des âmes sera doux,

6424 2465 492 104 dans un rêve

5335 2608 1474 126 Mais il faut te hâter, - l'heure

6170 2704 773 165 d'amour est brève.

5320 2831 1616 130 Dans un pâle aurore où nul oiseau

5308 2996 1639 142 Parmi les pâles fleurs qui n'ont pas

6408 2938 431 123 ne chante

5312 3177 1577 134 Et dont on voit languir la corolle

6382 3100 538 138 de parfums,

5320 3346 1381 135 J'attends, comme aux tombeaux

6382 3273 450 112 penchante,

6008 3438 958 154 attendent les défunts.

5320 3588 1677 162 Je te donne un mystique et lointain

5327 3781 1393 123 Viens-tu ? - Le temps est court,

6301 3719 623 116 rendez-vous...

5316 3958 1631 142 Oui, Là-Bas je t'attends... Ne parlons

5816 3877 1146 108 la nuit bientôt s'achève...

5316 4108 1558 227 Le pays du silence est le pays du rêve !

6216 4054 596 135 pas sentant ?-

6735 1938 108 227 17
