7039 4616
1308 357 350 162 Chanson.

1119 438 1151 165 Les joyeux oiseaux de passage

1123 550 1290 123 Reviennent, chantant le printemps,

1100 646 1282 100 Mais ce triste oiseau dans sa cage,

1150 715 1239 112 captif, c'est tu depuis longtemps.

1116 803 1043 116 Mais voici que sa voix s'élève

1169 888 1182 115 en longs cris d'extase tremblants,

1169 973 1201 111 Et l'oiseau chante tout son rêve,-

1177 1030 1220 158 Il entend la voix du printemps.

1173 1169 1093 142 Les Désirs, oiseaux de passage

1208 1261 1251 127 Reviennent, chantant le printemps,

1185 1357 1274 108 Mais mon cœur n'a plus de courage,

1231 1430 1243 124 Et s'est tu depuis bien longtemps.

1223 1550 1174 111 Mais voici que son chant s'élève

1223 1623 1355 115 En longs cris d'espoir tout tremblants

1185 1700 1085 119 Il se laisse aller à son rêve

1219 1757 1294 158 Il entend la voix du printemps !

1354 1892 1001 123 A mon ancienne douleur.

1004 1981 1682 180 Mon ancienne douleur, est-ce toi que j'entends

1339 2088 866 119 Pleurer dans le silence ?

989 2150 1685 161 Toi dont les longs sanglots s'éclatant par instants

1281 2257 1347 139 Pleins d'une <> angoisse intense ?

1042 2327 1613 165 Aujourd'hui, j'étais gaie, avec un air de fête,

1293 2423 889 108 Des fleurs dans mes cheveux,

1039 2458 1548 165 Un flot noir ondoyait de ses pieds à la tete,

1339 2554 889 242 Plein d'un frison soyeux.
