7263 4616
1831 538 1723 173 Seules entre les fleurs sont assez idéales,

1823 696 1631 157 Ont assez de douceur, assez de pureté,

1834 796 1889 192 Pour s'appeler là-bas les tendresses filiales...

1827 934 1896 177 Posons-les, lorsqu'au loin, pleines de piété

1819 1073 1904 161 Les cloches vennerent la messe des

1838 1192 1885 188 Les violettes de Parme et les violettes blanches.

1865 1461 1874 173 Quel éloge gravé sur cette blanche pierre ?

1850 1596 1885 173 Assez profondément, tendrement exprimé ?

2215 1734 1351 147 hormis un regret qu'une prière,

2269 1857 1512 162 Venant du fond d'un cœur aimé ?

1865 1992 1808 169 Quel éloge assez tendu, assez respectueux

1884 2100 1878 184 Pour ne point affirmer, la pudeur de cette âme ?

1865 2238 1908 185 Quel hommage assez pur à l'>< d'une femme

3092 2238 158 112 esprit

1892 2373 1881 177 Dont la vit fut sainte et le cœur religieux ?

1911 2523 1743 154 Et quelle poésie oserait-on graver

1911 2634 1782 170 Sur le marbre sans tache où repose la Mère ?

2000 2765 1654 177 Mais trouver un élege, - oh ! la vaine

3246 2873 497 158 chimère !-

1927 3038 1785 181 Assez pur et parfait pour ne pas entraver

1946 3158 1858 203 L'élan d'une douleur immortele et sincère

3731 476 1823 197 Il faudrait renoncer à jamais la trouver.

3739 753 1846 166 L'éloge le plus beau, c'est dans le souvenir

3743 900 1800 146 Qui lègue cette mère à l'âme filiale...

4600 992 216 208 gravé

3746 1027 1797 161 Impérissablement >< dans l'avenir

3746 1146 1720 165 Comme le souvenir de la maison natale.

3743 1427 1896 138 C'est le premier amour et le dernier amour,

3743 1542 1931 165 C'est l'amour le plus grand que l'amour d'une mère

3754 1677 1862 154 Celle qui vous donna sa pensée dernière !

3781 1804 1885 153 L'on pense à cette mort, lorsqu'on meurt à son tour.

3769 2065 1912 166 Bien heureux les enfants qu'ont aimés cette mère !

3769 2192 1909 166 Bient heureuse la mère au fond de son tombeau

3769 2342 1724 162 Regrettée toujours d'une douleur amère,

3773 2461 1905 197 D'un regret toujours vif et présent et nouveau !

5458 323 116 207 55
