3734 4792
1561 1329 843 144 1866-62-Plantier (mgr) -

1517 1497 252 96 ÉVÊCHÉ

1481 1593 328 144 de Nîmes

2248 1473 1066 195 Nîmes, le 13 X^bre 1866

2116 2024 1294 120 Hercule a repris sa massue, et j'en suis

1845 2144 1573 144 bien heureux, mon cher monsieur Veuillot. C'est

1853 2272 1593 120 chose merveilleuse que la facilité triomphante avec

1861 2388 1577 127 laquelle il a mis en marmalade tous ces misérables

1845 2499 1633 152 lions de notre temps, lesquels sont certes fort loin d'avoir

1857 2643 1565 96 la taille de celui des Némée. Le monstre n'est pas

1841 2755 1637 124 mort sans doute : mais tout son corps est meurtri,sai-

1849 2867 1637 155 gnant des coups formidables dont vous l'avez accablé ;

1853 2987 1553 135 vous lui avez enlevé même la force de rugir. Il

1845 3126 1573 100 avait besoin de cette victorieuse bastonnade. Au

1857 3226 1629 120 nom de toutes les nobles causes qui ont armé votre main,

1861 3346 1613 176 je vous félicite de la puissance avec laquelle vous l'avez

1872 3490 364 111 châtié.

2096 3590 1310 139 Je pense que vous ne vous vous êtes pas

1872 3717 1578 160 ému des reproches qu'on vous a faits : ils sont tous

1876 3849 320 100 absurdes.

2112 3957 1338 112 On reproche à votre ouvrage de manquer d'or-

1868 4045 1562 195 donnance. - Est-ce votre faute si la démence et la

3266 1313 152 112 468

1493 4280 304 144 A M

1437 4464 148 168 242
