<?xml version="1.0" encoding="UTF-8"?>
<alto xmlns:xsi="http://www.w3.org/2001/XMLSchema-instance"
      xmlns="http://www.loc.gov/standards/alto/ns-v4#"
      xsi:schemaLocation="http://www.loc.gov/standards/alto/ns-v4# http://www.loc.gov/standards/alto/v4/alto-4-2.xsd">
  <Description>
    <MeasurementUnit>pixel</MeasurementUnit>
    <sourceImageInformation>
      <fileName>f206.jpeg</fileName>
      
    </sourceImageInformation>
  </Description>
  
  <Tags>
    <OtherTag ID="BT2406" LABEL="NumberingZone" DESCRIPTION="block type NumberingZone"/><OtherTag ID="BT2409" LABEL="QuireMarksZone:signature" DESCRIPTION="block type QuireMarksZone:signature"/><OtherTag ID="BT2408" LABEL="StampZone:curatorial" DESCRIPTION="block type StampZone:curatorial"/><OtherTag ID="BT2405" LABEL="MainZone" DESCRIPTION="block type MainZone"/>
    <OtherTag ID="LT846" LABEL="InterlinearLine" DESCRIPTION="line type InterlinearLine"/><OtherTag ID="LT845" LABEL="DefaultLine" DESCRIPTION="line type DefaultLine"/>
  </Tags>
  
  <Layout>
    <Page WIDTH="3734"
          HEIGHT="4808"
          PHYSICAL_IMG_NR="3"
          ID="eSc_dummypage_">
      <PrintSpace HPOS="0"
                  VPOS="0"
                  WIDTH="3734"
                  HEIGHT="4808">
        
        <TextBlock HPOS="368"
                   VPOS="336"
                   WIDTH="2114"
                   HEIGHT="2689"
                   ID="eSc_textblock_5790b3c2"
                   TAGREFS="BT2405">
          <Shape><Polygon POINTS="2370 384 2450 480 2402 813 2482 1121 2482 1646 2434 2031 2354 2131 2434 2512 2225 2612 2274 2724 2242 2848 1443 2832 1359 2852 1407 2900 1359 2992 1247 3025 513 2992 513 2852 894 2836 994 2708 942 2640 593 2624 561 2576 529 705 368 653 368 576 477 560 625 400 882 336"/></Shape>
          
          
          <TextLine ID="eSc_line_bdf58738"
                    TAGREFS="LT845"
                    BASELINE="778 456 2330 456" 
                    HPOS="774"
                    VPOS="360"
                    WIDTH="1556"
                    HEIGHT="192">
            <Shape><Polygon POINTS="774 452 774 360 930 360 934 360 938 360 970 388 1014 364 1022 360 1026 360 1030 360 1058 364 1183 392 1407 392 1439 372 1451 364 1455 364 1459 364 1463 364 1467 364 1471 364 1483 372 1491 380 1500 372 1508 368 1508 364 1512 364 1516 364 1520 364 1524 364 1544 376 1560 384 1572 376 1580 368 1584 368 1588 368 1592 368 1644 376 1704 388 1720 380 1740 364 1744 364 1748 364 1752 364 1756 364 1812 380 1824 384 1836 380 1885 360 1889 360 1893 360 1897 360 1977 384 1997 388 2045 384 2274 368 2278 368 2282 368 2330 392 2326 452 2319 468 2049 468 1956 518 1865 459 1732 465 1663 476 1560 552 1532 528 1463 540 1459 540 1455 540 1451 540 1451 536 1403 492 1223 524 1199 528 1195 528 1191 528 1187 528 1187 524 1183 520 1147 492 774 492"/></Shape>
	    <String CONTENT="J&#39;ai respiré goutte a goutte"
                    HPOS="774"
                    VPOS="360"
                    WIDTH="1556"
                    HEIGHT="192"></String>
          </TextLine>

          
          
          <TextLine ID="eSc_line_833a50f6"
                    TAGREFS="LT846"
                    BASELINE="1945 540 2434 524" 
                    HPOS="1921"
                    VPOS="444"
                    WIDTH="509"
                    HEIGHT="117">
            <Shape><Polygon POINTS="1941 536 1921 444 1951 498 1994 476 2036 482 2068 488 2128 486 2200 496 2230 507 2254 490 2278 484 2340 482 2418 452 2430 520 2429 543 2318 537 2267 561 2198 539 2122 549 2019 553 1945 558"/></Shape>
	    <String CONTENT="Votre parfum"
                    HPOS="1921"
                    VPOS="444"
                    WIDTH="509"
                    HEIGHT="117"></String>
          </TextLine>

          
          
          <TextLine ID="eSc_line_e02ba1ce"
                    TAGREFS="LT846"
                    BASELINE="368 637 497 637 645 644" 
                    HPOS="360"
                    VPOS="556"
                    WIDTH="281"
                    HEIGHT="157">
            <Shape><Polygon POINTS="364 633 364 556 641 568 641 641 637 705 360 713"/></Shape>
	    <String CONTENT="de Rome"
                    HPOS="360"
                    VPOS="556"
                    WIDTH="281"
                    HEIGHT="157"></String>
          </TextLine>

          
          
          <TextLine ID="eSc_line_e9901167"
                    TAGREFS="LT845"
                    BASELINE="557 568 1909 584 2267 589 2309 588" 
                    HPOS="545"
                    VPOS="456"
                    WIDTH="1784"
                    HEIGHT="177">
            <Shape><Polygon POINTS="553 564 557 468 701 508 834 508 898 476 902 476 906 476 1102 512 1187 512 1251 472 1255 472 1259 472 1263 472 1267 472 1339 512 1379 480 1383 480 1387 480 1391 480 1552 508 1676 456 1680 456 1684 456 1688 456 1692 456 1696 456 1710 485 1750 496 1779 501 1797 512 1816 516 1839 506 1884 495 1901 518 1953 561 2016 544 2083 527 2074 555 2307 538 2306 584 2306 601 2329 627 2225 633 2130 607 1796 601 1664 621 1660 621 1623 632 1564 596 1536 617 1532 617 1528 617 1524 617 1335 592 1090 613 1086 613 1082 613 1010 588 1006 588 697 609 693 609 545 580"/></Shape>
	    <String CONTENT="C&#39;est le cas de vous le dire, mon"
                    HPOS="545"
                    VPOS="456"
                    WIDTH="1784"
                    HEIGHT="177"></String>
          </TextLine>

          
          
          <TextLine ID="eSc_line_399e0dc5"
                    
                    BASELINE="596 676 623 686 1660 681 2418 717" 
                    HPOS="593"
                    VPOS="596"
                    WIDTH="1821"
                    HEIGHT="137">
            <Shape><Polygon POINTS="593 673 605 596 745 625 1058 605 1062 605 1062 605 1062 605 1066 605 1066 605 1118 629 1195 605 1195 605 1199 605 1199 605 1203 605 1375 605 1375 605 1375 605 1379 605 1379 605 1379 605 1383 605 1383 609 1427 633 1548 609 1560 609 1560 609 1560 609 1564 609 1600 609 1901 637 1953 617 1961 613 1961 613 1965 613 1965 613 1965 613 1969 613 1969 613 1969 613 1973 613 1973 613 1981 617 2029 637 2410 625 2414 713 2410 725 1756 733 1752 733 1752 733 1748 733 1748 733 1748 733 1724 721 1676 701 1155 713 1151 713 1151 713 1026 693 906 693 882 717 878 721 878 721 878 721 874 721 874 721 870 721 870 721 870 721 866 721 866 721 814 717 645 693 593 713"/></Shape>
	    <String CONTENT="Dieu quelle belle chose que la langue"
                    HPOS="593"
                    VPOS="596"
                    WIDTH="1821"
                    HEIGHT="137"></String>
          </TextLine>

          
          
          <TextLine ID="eSc_line_6a0c3439"
                    TAGREFS="LT845"
                    BASELINE="557 781 2302 809" 
                    HPOS="553"
                    VPOS="725"
                    WIDTH="1749"
                    HEIGHT="128">
            <Shape><Polygon POINTS="557 781 557 725 2298 753 2302 809 2298 825 2157 849 2157 849 2153 849 2153 849 2153 849 2025 829 2005 825 1985 829 1860 853 1860 853 1860 853 1856 853 1856 853 1852 853 1852 853 1852 853 1848 853 1848 853 1848 849 1824 829 1824 829 1824 829 1676 841 1676 841 1672 841 1672 841 1576 829 1496 817 1475 829 1455 845 1455 845 1451 845 1451 845 1447 845 1447 845 1447 849 1307 849 1303 845 1066 841 1066 841 1066 841 1062 841 1062 841 1058 841 1058 841 1058 837 1058 837 1050 829 1030 805 701 805 553 829"/></Shape>
	    <String CONTENT="francaise parlée par une plume"
                    HPOS="553"
                    VPOS="725"
                    WIDTH="1749"
                    HEIGHT="128"></String>
          </TextLine>

          
          
          <TextLine ID="eSc_line_43edd6ed"
                    TAGREFS="LT845"
                    BASELINE="565 893 1696 909 2414 945" 
                    HPOS="557"
                    VPOS="809"
                    WIDTH="1857"
                    HEIGHT="164">
            <Shape><Polygon POINTS="565 893 557 833 609 809 609 809 613 809 613 809 613 809 617 809 617 809 778 837 786 837 794 837 1002 821 1006 821 1006 821 1183 845 1263 825 1267 825 1267 825 1271 825 1271 825 1271 825 1275 825 1275 825 1339 849 1339 849 1343 849 1560 833 1564 833 1564 833 1564 833 1696 857 1700 857 1700 857 1828 841 1828 841 1832 841 1832 841 1832 841 1836 841 1836 841 1840 841 1840 841 1869 861 1985 845 1985 845 1989 845 2414 877 2414 945 2410 949 2310 973 2310 973 2310 973 2306 973 2306 973 2306 973 2185 945 2173 945 2165 945 2101 969 2097 969 2097 969 2097 969 2093 969 2093 969 2089 969 2089 969 2089 969 2037 945 2029 941 2017 945 1949 965 1945 965 1945 965 1945 965 1941 965 1941 965 1937 965 1937 965 1937 965 1889 941 1877 937 1856 941 1764 961 1764 961 1764 961 1760 961 1760 961 1632 937 1580 929 1423 933 1118 945 1114 945 962 941 962 941 962 941 958 941 958 941 954 941 954 941 954 937 950 937 942 925 930 913 561 917"/></Shape>
	    <String CONTENT="comme la vôtre ! Il me faudrait vous"
                    HPOS="557"
                    VPOS="809"
                    WIDTH="1857"
                    HEIGHT="164"></String>
          </TextLine>

          
          
          <TextLine ID="eSc_line_3a69e593"
                    TAGREFS="LT845"
                    BASELINE="565 1005 1800 1017 2414 1057" 
                    HPOS="561"
                    VPOS="921"
                    WIDTH="1853"
                    HEIGHT="156">
            <Shape><Polygon POINTS="565 1005 561 941 669 921 669 921 673 921 673 921 673 921 677 921 677 921 677 921 681 921 681 921 681 925 701 941 701 941 721 941 1243 933 1247 933 2414 977 2414 1057 2406 1077 2125 1053 1909 1069 1889 1069 1885 1069 1885 1069 1885 1069 1881 1069 1881 1069 1881 1069 1877 1069 1824 1037 1640 1037 1504 1057 1504 1057 1500 1057 1243 1053 1243 1053 1243 1053 1239 1053 1239 1053 1239 1053 1191 1029 561 1041"/></Shape>
	    <String CONTENT="faire un article pour vous signaler"
                    HPOS="561"
                    VPOS="921"
                    WIDTH="1853"
                    HEIGHT="156"></String>
          </TextLine>

          
          
          <TextLine ID="eSc_line_a2cb58a5"
                    TAGREFS="LT845"
                    BASELINE="577 1105 1592 1121 2462 1169" 
                    HPOS="573"
                    VPOS="1021"
                    WIDTH="1889"
                    HEIGHT="181">
            <Shape><Polygon POINTS="577 1105 573 1041 978 1021 982 1021 982 1021 982 1021 986 1021 1098 1057 1106 1057 1135 1057 1343 1045 1347 1045 1347 1045 1584 1073 1612 1073 1616 1073 1656 1053 1656 1053 1656 1053 1660 1053 1660 1053 1664 1053 1664 1053 1664 1053 1668 1053 1668 1053 1720 1077 1724 1077 1724 1077 1776 1053 1776 1053 1780 1053 1780 1053 1780 1053 1784 1053 1784 1053 1784 1053 1788 1053 1869 1077 1953 1053 1957 1053 1957 1053 1957 1053 1961 1053 2458 1101 2462 1169 2458 1181 2342 1202 2342 1202 2338 1202 2338 1202 2338 1202 2334 1202 2334 1202 2278 1177 2274 1177 2242 1177 1977 1189 1973 1189 1973 1189 1969 1189 1969 1189 1969 1189 1925 1169 1901 1157 1864 1165 1828 1177 1824 1177 1824 1177 1820 1177 1820 1177 1820 1177 1816 1177 1772 1165 1716 1145 1504 1145 1463 1157 1415 1169 1411 1169 1411 1169 1407 1169 1407 1169 1407 1169 1403 1169 1347 1153 1295 1137 1235 1149 1211 1153 1211 1153 1211 1153 1207 1153 1207 1153 1203 1153 1203 1153 1203 1153 1199 1153 1199 1153 1199 1149 1195 1149 1179 1133 573 1133"/></Shape>
	    <String CONTENT="mes morceaux de pré citation et cela"
                    HPOS="573"
                    VPOS="1021"
                    WIDTH="1889"
                    HEIGHT="181"></String>
          </TextLine>

          
          
          <TextLine ID="eSc_line_dbe67483"
                    TAGREFS="LT845"
                    BASELINE="565 1214 1768 1234 2390 1270" 
                    HPOS="557"
                    VPOS="1125"
                    WIDTH="1833"
                    HEIGHT="161">
            <Shape><Polygon POINTS="565 1214 557 1153 633 1125 633 1125 637 1125 637 1125 641 1125 641 1125 641 1125 645 1125 645 1125 645 1125 649 1125 649 1125 649 1129 677 1153 1279 1141 1283 1141 1508 1149 1508 1149 1508 1149 1512 1149 1596 1177 1596 1177 1600 1177 1652 1153 1652 1153 1656 1153 1656 1153 1656 1153 1660 1153 1660 1153 1664 1153 1664 1153 1664 1153 1668 1153 1668 1153 1700 1177 1812 1157 1812 1157 1812 1157 1816 1157 1816 1157 1820 1157 1820 1157 1820 1157 1873 1181 2314 1173 2318 1173 2318 1173 2318 1173 2322 1173 2390 1197 2390 1270 2382 1286 1247 1246 1006 1258 970 1258 966 1258 966 1258 966 1258 962 1258 962 1258 958 1258 910 1238 846 1254 842 1254 838 1254 838 1254 834 1254 834 1254 834 1254 830 1254 830 1254 830 1254 826 1254 826 1254 826 1254 802 1234 561 1246"/></Shape>
	    <String CONTENT="Vous emmenerais probablement très"
                    HPOS="557"
                    VPOS="1125"
                    WIDTH="1833"
                    HEIGHT="161"></String>
          </TextLine>

          
          
          <TextLine ID="eSc_line_a2c04328"
                    TAGREFS="LT845"
                    BASELINE="557 1326 1584 1342 2438 1394" 
                    HPOS="553"
                    VPOS="1222"
                    WIDTH="1885"
                    HEIGHT="212">
            <Shape><Polygon POINTS="557 1326 561 1234 605 1254 689 1238 786 1222 786 1222 790 1222 790 1222 790 1222 794 1222 794 1222 794 1222 798 1222 830 1246 854 1262 886 1246 930 1230 930 1230 934 1230 934 1230 938 1230 938 1230 938 1230 942 1230 942 1230 942 1230 946 1230 974 1250 994 1266 1030 1254 1094 1234 1098 1234 1098 1234 1102 1234 1102 1234 1375 1262 1728 1254 1732 1254 1732 1254 1736 1254 1736 1254 1736 1254 1740 1254 1740 1254 1740 1258 1776 1286 1784 1298 2438 1318 2438 1394 2430 1434 2290 1430 2290 1430 2290 1430 2286 1430 2286 1430 2286 1430 2201 1390 2157 1426 2157 1426 2153 1426 2153 1426 2153 1426 2153 1426 2149 1426 2149 1426 2145 1426 1921 1418 1921 1418 1921 1418 1917 1418 1917 1418 1917 1418 1913 1418 1840 1374 1696 1374 1628 1410 1624 1410 1624 1410 1624 1410 1620 1410 1620 1410 1616 1410 1616 1410 1616 1410 1612 1410 1612 1410 1604 1406 1496 1362 1423 1386 1419 1386 1419 1386 1419 1386 1415 1386 1415 1386 1411 1386 1411 1386 1411 1386 1407 1386 1407 1386 1371 1358 1203 1378 1203 1378 1199 1378 1199 1378 1199 1378 1195 1378 1195 1378 1191 1378 1191 1378 1191 1378 1163 1350 1034 1346 882 1382 878 1382 878 1382 878 1382 874 1382 874 1382 870 1382 870 1382 745 1350 553 1370"/></Shape>
	    <String CONTENT="fort. Je ne résisterai pas cependant"
                    HPOS="553"
                    VPOS="1222"
                    WIDTH="1885"
                    HEIGHT="212"></String>
          </TextLine>

          
          
          <TextLine ID="eSc_line_d00e4d4b"
                    TAGREFS="LT845"
                    BASELINE="545 1442 1556 1454 2386 1506" 
                    HPOS="537"
                    VPOS="1354"
                    WIDTH="1849"
                    HEIGHT="172">
            <Shape><Polygon POINTS="545 1442 537 1382 625 1354 629 1354 629 1354 629 1354 633 1354 633 1354 637 1354 637 1354 637 1354 641 1354 641 1354 641 1358 645 1358 665 1386 826 1386 882 1358 882 1358 882 1358 886 1358 886 1358 886 1358 890 1358 890 1358 894 1358 894 1358 894 1358 898 1358 898 1358 938 1390 1139 1354 1139 1354 1143 1354 1363 1362 1363 1362 1363 1362 1367 1362 1367 1362 1371 1362 1371 1362 1371 1362 1399 1386 1508 1366 1508 1366 1512 1366 1512 1366 1512 1366 1516 1366 1516 1366 1516 1366 1520 1366 1520 1370 1552 1398 1664 1414 1680 1414 1692 1414 1881 1386 1881 1386 1885 1386 1885 1386 1889 1386 2025 1422 2041 1430 2290 1434 2298 1430 2326 1410 2330 1410 2330 1410 2330 1410 2334 1410 2334 1410 2334 1410 2338 1410 2338 1410 2342 1410 2342 1410 2342 1410 2386 1434 2386 1506 2378 1526 1139 1462 541 1470"/></Shape>
	    <String CONTENT="au plaisir de vous en citer un que"
                    HPOS="537"
                    VPOS="1354"
                    WIDTH="1849"
                    HEIGHT="172"></String>
          </TextLine>

          
          
          <TextLine ID="eSc_line_99556292"
                    TAGREFS="LT845"
                    BASELINE="533 1554 1616 1566 2045 1586 2454 1634" 
                    HPOS="529"
                    VPOS="1458"
                    WIDTH="1925"
                    HEIGHT="196">
            <Shape><Polygon POINTS="533 1554 541 1458 577 1486 637 1470 641 1470 641 1470 645 1470 645 1470 645 1470 649 1470 649 1470 649 1470 701 1498 866 1498 902 1474 910 1466 910 1466 914 1466 914 1466 914 1466 918 1466 918 1466 922 1466 922 1466 922 1466 926 1466 926 1466 930 1466 942 1474 970 1490 1098 1482 1271 1470 1275 1470 1275 1470 1275 1470 1279 1470 1279 1470 1279 1470 1283 1470 1283 1470 1303 1490 1331 1510 1439 1494 1572 1478 1572 1478 1576 1478 1760 1486 1760 1486 1760 1486 1764 1486 1764 1486 1764 1486 1768 1486 1768 1486 1796 1510 1812 1522 1893 1514 2001 1502 2001 1502 2005 1502 2005 1502 2009 1502 2009 1502 2009 1502 2013 1502 2013 1502 2033 1518 2049 1534 2454 1538 2454 1634 2450 1654 2310 1654 2306 1650 2306 1650 2302 1650 2302 1650 2302 1650 2294 1646 2237 1618 2185 1646 2181 1646 2181 1646 2181 1646 2177 1646 2177 1646 2173 1646 2061 1642 2061 1642 2061 1642 2057 1642 2057 1642 2053 1642 2053 1642 1993 1602 1776 1634 1764 1634 1764 1634 1760 1634 1760 1634 1760 1634 1756 1634 1756 1634 1756 1634 1752 1634 1752 1634 1752 1634 1752 1630 1716 1598 1596 1610 1596 1610 1592 1610 1592 1610 1588 1610 1588 1610 1588 1610 1584 1610 1584 1610 1560 1586 1303 1586 1275 1610 1275 1610 1271 1610 1271 1610 1271 1610 1267 1610 1267 1610 1267 1610 1263 1610 1263 1610 1259 1610 1259 1610 1259 1610 1255 1610 1255 1610 1223 1582 1163 1598 1159 1598 1159 1598 1155 1598 1155 1598 1155 1598 1151 1598 1090 1578 1054 1610 1054 1614 1054 1614 1050 1614 1050 1614 1050 1614 1046 1614 1046 1614 1046 1614 1042 1614 1042 1614 1042 1614 1034 1614 930 1590 529 1598"/></Shape>
	    <String CONTENT="j ai relu jusqu&#39;a trois fois de suite :"
                    HPOS="529"
                    VPOS="1458"
                    WIDTH="1925"
                    HEIGHT="196"></String>
          </TextLine>

          
          
          <TextLine ID="eSc_line_00a9c34e"
                    TAGREFS="LT845"
                    BASELINE="557 1666 2005 1702 2410 1746" 
                    HPOS="549"
                    VPOS="1570"
                    WIDTH="1861"
                    HEIGHT="212">
            <Shape><Polygon POINTS="557 1666 557 1570 862 1610 942 1586 958 1582 962 1582 962 1582 962 1582 966 1582 1315 1594 1315 1594 1315 1594 1319 1594 1319 1594 1319 1594 1339 1606 1379 1626 1608 1618 1752 1614 1756 1614 1756 1614 1760 1614 1760 1614 1792 1626 1824 1638 1885 1630 1961 1622 1961 1622 1965 1622 1965 1622 1969 1622 1969 1622 1969 1622 1973 1622 1973 1622 1973 1626 1985 1634 1993 1642 2009 1638 2049 1626 2053 1626 2053 1626 2053 1626 2057 1626 2410 1658 2410 1746 2406 1770 2282 1778 2278 1778 2278 1778 2278 1778 2274 1778 2274 1778 2274 1778 2270 1778 2258 1770 2233 1754 2217 1766 2205 1774 2205 1778 2205 1778 2201 1778 2201 1778 2197 1778 2197 1778 2197 1778 2193 1778 2193 1778 2193 1778 2189 1778 2189 1778 2161 1766 2129 1754 2105 1766 2061 1782 2061 1782 2057 1782 2057 1782 2053 1782 2053 1782 2053 1782 2049 1782 2049 1782 2049 1782 2045 1782 2021 1762 1985 1742 1808 1758 1668 1770 1664 1770 1664 1770 1664 1770 1660 1770 1660 1770 1660 1770 1656 1770 1656 1766 1656 1766 1644 1754 1616 1722 1371 1718 1275 1718 1215 1742 1191 1754 1191 1754 1187 1754 1187 1754 1187 1754 1183 1754 549 1726"/></Shape>
	    <String CONTENT="les deux poëtes ou mozart &amp; goethe"
                    HPOS="549"
                    VPOS="1570"
                    WIDTH="1861"
                    HEIGHT="212"></String>
          </TextLine>

          
          
          <TextLine ID="eSc_line_7e367b96"
                    TAGREFS="LT845"
                    BASELINE="573 1786 1580 1807 2374 1863" 
                    HPOS="569"
                    VPOS="1702"
                    WIDTH="1805"
                    HEIGHT="189">
            <Shape><Polygon POINTS="573 1786 573 1722 681 1726 689 1726 741 1702 741 1702 745 1702 745 1702 745 1702 750 1702 750 1702 750 1702 754 1702 834 1730 850 1734 866 1730 922 1710 922 1710 926 1710 926 1710 930 1710 930 1710 930 1710 934 1710 934 1710 934 1710 938 1710 974 1734 978 1738 1006 1734 1151 1718 1151 1718 1155 1718 1155 1718 1159 1718 1259 1746 1283 1750 1299 1746 1351 1726 1351 1726 1355 1726 1355 1726 1359 1726 1660 1738 1660 1738 1660 1738 1664 1738 1664 1738 1664 1738 1668 1738 1668 1738 1668 1742 1672 1742 1684 1758 1756 1742 1756 1742 1756 1742 1760 1742 1760 1742 1760 1742 1764 1742 1840 1766 1873 1774 1921 1766 2017 1754 2017 1754 2021 1754 2021 1754 2021 1754 2025 1754 2025 1754 2029 1754 2057 1774 2077 1786 2374 1786 2374 1863 2362 1867 2266 1891 2266 1891 2266 1891 2262 1891 2262 1891 2262 1891 2133 1863 2121 1863 2113 1863 1981 1891 1981 1891 1981 1891 1977 1891 1977 1891 1973 1891 1973 1891 1893 1859 1860 1847 1796 1859 1664 1879 1664 1879 1660 1879 1483 1871 1483 1871 1483 1871 1479 1871 1479 1871 1479 1871 1475 1871 1475 1871 1475 1867 1455 1851 1435 1827 1223 1823 1171 1843 1147 1855 1147 1855 1143 1855 1143 1855 1143 1859 1062 1859 1058 1855 1058 1855 1054 1855 1054 1855 1054 1855 1050 1855 1050 1855 1038 1843 1010 1819 986 1839 982 1839 982 1839 982 1839 978 1839 978 1839 978 1839 974 1839 974 1839 842 1819 569 1831"/></Shape>
	    <String CONTENT="a[???] qu&#39;âtres pages exquises."
                    HPOS="569"
                    VPOS="1702"
                    WIDTH="1805"
                    HEIGHT="189"></String>
          </TextLine>

          
          
          <TextLine ID="eSc_line_61f3ddd4"
                    TAGREFS="LT845"
                    BASELINE="822 1931 2422 1991" 
                    HPOS="814"
                    VPOS="1839"
                    WIDTH="1608"
                    HEIGHT="208">
            <Shape><Polygon POINTS="822 1931 822 1839 926 1843 926 1843 926 1843 930 1843 930 1843 934 1843 934 1843 934 1847 934 1847 966 1883 1151 1891 1383 1895 1459 1863 1459 1863 1463 1863 1463 1863 1463 1863 1463 1863 1467 1863 1467 1863 1467 1863 1471 1863 1471 1863 1580 1903 1660 1875 1664 1875 1664 1875 1664 1875 1668 1875 1668 1875 1672 1875 1804 1911 1933 1883 1933 1883 1933 1883 1937 1883 1937 1883 1941 1883 1941 1883 2029 1915 2161 1891 2161 1891 2161 1891 2165 1891 2165 1891 2169 1891 2169 1891 2169 1891 2173 1891 2173 1891 2217 1927 2278 1895 2278 1895 2278 1895 2282 1895 2282 1895 2286 1895 2422 1899 2422 1991 2422 2007 2338 2035 2334 2035 2334 2035 2334 2035 2330 2035 2330 2035 2330 2035 2197 2007 2109 2047 2109 2047 2109 2047 2105 2047 2105 2047 2101 2047 1993 2043 1993 2043 1993 2043 1989 2043 1989 2043 1985 2043 1985 2043 1985 2039 1985 2039 1945 1995 1788 1983 1768 1983 1768 1983 1740 2007 1740 2011 1740 2011 1736 2011 1736 2011 1736 2011 1732 2011 1732 2011 1732 2011 1728 2011 1728 2011 1624 1995 1580 2027 1576 2027 1576 2027 1576 2027 1572 2027 1572 2027 1572 2027 1568 2027 1568 2027 1199 1963 1143 2007 1143 2007 1139 2007 1139 2007 1139 2007 1135 2007 1135 2007 1135 2011 1038 2011 1034 2007 1034 2007 1030 2007 1030 2007 1030 2007 1026 2007 966 1967 814 1943"/></Shape>
	    <String CONTENT="Mon pere toujours souffrant"
                    HPOS="814"
                    VPOS="1839"
                    WIDTH="1608"
                    HEIGHT="208"></String>
          </TextLine>

          
          
          <TextLine ID="eSc_line_50bd2f82"
                    TAGREFS="LT845"
                    BASELINE="549 2067 2322 2099" 
                    HPOS="541"
                    VPOS="1979"
                    WIDTH="1781"
                    HEIGHT="168">
            <Shape><Polygon POINTS="549 2067 549 1979 898 1987 898 1987 898 1987 902 1987 902 1987 910 1991 990 2023 1487 2027 1528 2011 1544 2003 1544 2003 1548 2003 1548 2003 1548 2003 1552 2003 1552 2003 1556 2003 1556 2003 1584 2011 1628 2027 1692 2015 1768 2003 1768 2003 1772 2003 1772 2003 1772 2003 1776 2003 1776 2003 1776 2003 1780 2003 1780 2007 1796 2019 1812 2031 1873 2023 1973 2007 1973 2007 1977 2007 1977 2007 1981 2007 1981 2007 1981 2007 2021 2027 2041 2039 2318 2039 2322 2099 2318 2123 1989 2147 1985 2147 1985 2147 1985 2147 1981 2147 1981 2147 1937 2127 1885 2147 1885 2147 1881 2147 1881 2147 1881 2147 1877 2147 1877 2147 1676 2115 1628 2107 1491 2107 1487 2111 1463 2131 1463 2131 1459 2131 1459 2131 1459 2131 1455 2131 1455 2131 1455 2131 1451 2131 1451 2131 1447 2131 1447 2131 1447 2131 1443 2131 1443 2131 1443 2127 1423 2107 1415 2103 1359 2107 1239 2119 1239 2119 1235 2119 1235 2119 1231 2119 1175 2103 1155 2099 1151 2103 1118 2131 1118 2131 1114 2131 1114 2131 1114 2131 1110 2131 1110 2131 1110 2135 994 2135 990 2131 990 2131 986 2131 986 2131 986 2131 934 2103 774 2127 774 2127 770 2127 770 2127 770 2127 766 2127 766 2127 762 2127 762 2127 729 2099 541 2091"/></Shape>
	    <String CONTENT="mais pas plus, me charge de le"
                    HPOS="541"
                    VPOS="1979"
                    WIDTH="1781"
                    HEIGHT="168"></String>
          </TextLine>

          
          
          <TextLine ID="eSc_line_a7421022"
                    TAGREFS="LT845"
                    BASELINE="585 2195 1792 2207 2306 2243" 
                    HPOS="577"
                    VPOS="2103"
                    WIDTH="1729"
                    HEIGHT="152">
            <Shape><Polygon POINTS="585 2195 585 2103 874 2139 1139 2123 1255 2115 1259 2115 1259 2115 1259 2115 1263 2115 1263 2115 1263 2115 1287 2127 1323 2147 1439 2131 1467 2131 1467 2131 1471 2131 1471 2131 1471 2131 1475 2131 1475 2131 1483 2135 1524 2151 1560 2139 1604 2123 1604 2123 1608 2123 1608 2123 1612 2123 1612 2123 1612 2123 1616 2123 1616 2123 1616 2123 1620 2123 1620 2123 1620 2127 1636 2139 1644 2147 1692 2143 1832 2127 1832 2127 1836 2127 1836 2127 1840 2127 1840 2127 1897 2151 1921 2159 1949 2151 2009 2135 2013 2135 2013 2135 2013 2135 2017 2135 2017 2135 2021 2135 2021 2135 2081 2155 2101 2167 2306 2167 2306 2243 2298 2255 577 2215"/></Shape>
	    <String CONTENT="rappeler a votre amical souvenir."
                    HPOS="577"
                    VPOS="2103"
                    WIDTH="1729"
                    HEIGHT="152"></String>
          </TextLine>

          
          
          <TextLine ID="eSc_line_fec18e81"
                    TAGREFS="LT845"
                    BASELINE="577 2303 1632 2315 2310 2347" 
                    HPOS="573"
                    VPOS="2211"
                    WIDTH="1737"
                    HEIGHT="193">
            <Shape><Polygon POINTS="577 2303 573 2231 794 2211 798 2211 798 2211 798 2211 802 2211 802 2211 802 2211 806 2211 838 2235 854 2243 1002 2239 1335 2231 1339 2231 1339 2231 1455 2251 1483 2255 1520 2255 1744 2231 1748 2231 1748 2231 1748 2231 1889 2263 1901 2263 1909 2263 2073 2239 2073 2239 2077 2239 2077 2239 2077 2239 2081 2239 2081 2239 2081 2239 2085 2239 2125 2267 2133 2275 2306 2275 2310 2347 2302 2404 2097 2399 2097 2399 2097 2399 2093 2399 2093 2399 2093 2399 2089 2399 2089 2399 2085 2395 2029 2343 1516 2335 1391 2347 1379 2359 1347 2383 1347 2383 1343 2383 1343 2383 1343 2383 1339 2383 1339 2383 1335 2383 1335 2383 1335 2383 1331 2383 1331 2383 1331 2383 1327 2383 1327 2383 1303 2363 1147 2367 1143 2367 1143 2367 1139 2367 1139 2367 1139 2367 1135 2367 1135 2367 1106 2343 1086 2327 1010 2323 990 2339 946 2375 946 2375 942 2375 942 2375 942 2375 938 2375 938 2375 938 2379 850 2379 846 2375 846 2375 573 2315"/></Shape>
	    <String CONTENT="Excusez mon comportement, &amp; croyez"
                    HPOS="573"
                    VPOS="2211"
                    WIDTH="1737"
                    HEIGHT="193"></String>
          </TextLine>

          
          
          <TextLine ID="eSc_line_5c793c2f"
                    TAGREFS="LT845"
                    BASELINE="573 2436 1676 2436 2414 2488" 
                    HPOS="565"
                    VPOS="2327"
                    WIDTH="1849"
                    HEIGHT="189">
            <Shape><Polygon POINTS="573 2436 569 2343 657 2327 657 2327 661 2327 661 2327 661 2327 665 2327 665 2327 709 2347 774 2379 986 2379 1046 2359 1058 2355 1058 2355 1062 2355 1062 2355 1066 2355 1066 2355 1066 2355 1070 2355 1070 2355 1082 2359 1139 2383 1259 2367 1427 2343 1427 2343 1431 2343 1776 2367 1965 2355 1969 2355 1969 2355 1969 2355 1973 2355 1973 2355 1973 2355 2049 2395 2061 2404 2410 2412 2414 2488 2410 2516 2233 2516 2229 2512 2229 2512 2225 2512 2213 2508 2081 2476 2029 2496 2029 2496 2025 2496 2025 2496 2021 2496 2021 2496 2021 2496 1856 2460 1247 2460 1167 2484 1155 2488 1151 2488 1151 2488 1151 2488 1147 2488 858 2480 858 2480 858 2480 854 2480 842 2476 762 2452 701 2472 693 2476 693 2476 689 2476 689 2476 685 2476 565 2468"/></Shape>
	    <String CONTENT="cher maitre a tout mon dévouement,"
                    HPOS="565"
                    VPOS="2327"
                    WIDTH="1849"
                    HEIGHT="189"></String>
          </TextLine>

          
          
          <TextLine ID="eSc_line_d656f84b"
                    TAGREFS="LT845"
                    BASELINE="577 2544 1500 2556" 
                    HPOS="565"
                    VPOS="2444"
                    WIDTH="935"
                    HEIGHT="188">
            <Shape><Polygon POINTS="577 2544 577 2444 858 2448 858 2448 858 2448 862 2448 862 2448 862 2448 870 2452 926 2480 1491 2476 1500 2556 1496 2612 906 2632 902 2632 625 2628 625 2628 625 2628 621 2628 621 2628 621 2628 565 2600"/></Shape>
	    <String CONTENT="bien respectueux."
                    HPOS="565"
                    VPOS="2444"
                    WIDTH="935"
                    HEIGHT="188"></String>
          </TextLine>

          
          
          <TextLine ID="eSc_line_ee4b68b7"
                    TAGREFS="LT845"
                    BASELINE="1042 2740 1668 2752 2229 2816" 
                    HPOS="1034"
                    VPOS="2604"
                    WIDTH="1199"
                    HEIGHT="248">
            <Shape><Polygon POINTS="1042 2740 1038 2628 1187 2604 1187 2604 1191 2604 1191 2604 1191 2604 1195 2604 1195 2604 1195 2604 1199 2604 1247 2640 1255 2644 1259 2640 1291 2616 1291 2612 1291 2612 1295 2612 1295 2612 1299 2612 1299 2612 1299 2612 1303 2612 1451 2620 1451 2620 1508 2624 1508 2624 1512 2624 1512 2624 1512 2624 1516 2624 1516 2624 1516 2628 1516 2628 1548 2660 1552 2664 1560 2660 1612 2648 1616 2648 1616 2648 1620 2648 1620 2648 1620 2648 1624 2648 1624 2648 1628 2648 1628 2648 1628 2652 1632 2652 1644 2668 1652 2676 1688 2668 1728 2664 1728 2664 1732 2664 1732 2664 1869 2680 1949 2692 1969 2688 2065 2668 2065 2668 2065 2668 2069 2668 2069 2668 2069 2668 2233 2708 2229 2816 2225 2848 2097 2820 2041 2836 1989 2852 1985 2852 1985 2852 1985 2852 1981 2852 1768 2840 1768 2840 1764 2840 1628 2804 1576 2792 1564 2800 1540 2820 1540 2824 1540 2824 1536 2824 1536 2824 1532 2824 1532 2824 1532 2824 1528 2824 1528 2824 1528 2824 1524 2824 1524 2824 1455 2792 1447 2788 1439 2792 1391 2816 1391 2816 1391 2816 1387 2816 1387 2816 1383 2816 1383 2816 1383 2816 1379 2816 1379 2816 1375 2816 1323 2784 1299 2768 1034 2760"/></Shape>
	    <String CONTENT="S de Wailly fils"
                    HPOS="1034"
                    VPOS="2604"
                    WIDTH="1199"
                    HEIGHT="248"></String>
          </TextLine>

          
          
          <TextLine ID="eSc_line_80e2a04a"
                    TAGREFS="LT845"
                    BASELINE="513 2964 1323 2988" 
                    HPOS="505"
                    VPOS="2844"
                    WIDTH="818"
                    HEIGHT="217">
            <Shape><Polygon POINTS="513 2964 505 2884 601 2844 601 2844 605 2844 605 2844 609 2844 609 2844 609 2844 782 2876 878 2852 882 2852 882 2852 886 2852 886 2852 886 2852 890 2852 890 2852 894 2852 894 2852 894 2856 926 2880 926 2884 930 2880 982 2860 982 2860 986 2860 986 2860 986 2860 990 2860 990 2860 994 2860 994 2860 1054 2880 1110 2904 1255 2904 1315 2880 1323 2988 1315 3061 1131 3057 1131 3057 1131 3057 1127 3057 1127 3057 1123 3057 1110 3049 1030 3005 822 3005 754 3025 745 3029 741 3029 741 3029 741 3029 737 3029 737 3029 733 3029 709 3025 585 2992 509 3009"/></Shape>
	    <String CONTENT="21 eme d avril"
                    HPOS="505"
                    VPOS="2844"
                    WIDTH="818"
                    HEIGHT="217"></String>
          </TextLine>

          
        </TextBlock>
        

        
      </PrintSpace>
    </Page>
  </Layout>
</alto>
