3734 4792
1421 1553 503 499 R. 5 avril

1753 2156 1557 200 Vous pardonnerez au Vieillard

1609 2324 1821 147 infirme de ne vous avoir pas répondu

1617 2443 1869 160 plustôt, Sa main n'obeit plus comme par

1625 2591 1765 140 le passé à la Volonté qui lui commande,

1641 2711 1833 140 et je tenais à vous mander moi-même, combien

1625 2835 1853 148 je suis reconnaissant d'avoir bien voulu penser

1633 2967 1825 119 à moi pour votre nouvelle Oeuvre. Elle

1629 3078 1849 160 est appelée à faire beaucoup de bien, ou

1637 3202 1661 176 plutôt à Continuer d'une manière plus

1649 3322 1749 156 certaine encore celui qu'elle avait déjà

1649 3442 1793 152 opéré. avec la Bénédiction de n. s. P. Pierx

1641 3570 1917 135 Vous marcherez dans vos convictions assuré que

1649 3685 1781 164 vous serez béni, comme vous l'êtes, de tous ceux

1653 3817 1837 136 qui ont eu le bonheur une fois de vous connaitre.

1753 3945 1725 176 Je n'aime pas les annexions en général,

1641 4105 1797 171 mais, vous le dirai-je, je regrette que le

1561 1305 1002 176 1867-71-Jolly (Mgr Mellon)

3302 1285 144 116 617

2308 1385 1150 168 Sens le 5 avril 1867.

1980 1868 935 160 Cher Monsieur

1385 4508 160 180 340
