3734 4776
1409 147 708 203 1866-31 - Gassiot ([mgr?])

3192 127 167 99 405

2105 242 1274 231 Bicêtre le 31 janvier 1866,

1659 620 478 363 Monsieur,

1405 927 1942 199 Je suis passé chez vous lundi dernier et je n'ai

1377 1066 1946 183 pas eu le bonheur de vous rencontrer. Veuillez

1437 1190 1934 151 m'excuser si j'ai recours à la plume pour terminer

1441 1297 1926 163 ma mission relativement au journal futur La femme.

1592 1404 1739 168 Vous avez eu l'obligeance, Monsieur, de me

1441 1500 1843 203 parler d'une femme distinguée qui pourrait

1449 1643 1894 159 se charger de la partie spéciale qui concerne

1464 1735 1903 179 son sexe ; vous deviez même le lui proposer. Comme

1464 1854 1883 151 on est sur le point de lancer le prospectus dans

1464 1950 1852 163 le public, le fondateur du journal désire savoir

1460 2061 1808 163 si la proposition est agréée par cette dame

1524 2169 1708 163 quel est son nom et son adresse afin de

1500 2268 1819 167 se mettre en relation avec elle s'il y a lieu.

1759 2388 1616 143 Je compte sur votre obligeance bien connue,

1449 2483 1926 211 Monsieur, pour avoir ces quelques renseignements.

1516 2622 1736 160 J'aurais regardé comme un honneur et un devoir

1464 2714 1859 211 d'aller les prendre moi-même à votre domicile ;

1548 2849 1811 159 mais les devoirs de ma charge me retiennent

1532 2957 1656 167 au poste jusqu'à lundi. Je me permets de

1555 3060 1792 256 joindre à cette lettre le volume dont vous

1337 3283 163 219 210
