3734 4776
565 473 1895 124 Supprimer dans son action meme exterieure

557 553 1899 175 sur le monde ; il sait, au besoin, suscite

565 672 1879 159 des hommes qui savent le defendre et le

581 839 366 124 venger.

720 851 1708 171 Vous l'avez déjà fait avec votre ancien

624 967 1848 183 journal, l'univers ; vous le ferez, je m'en

624 1106 1712 139 doute pas, de nouvelles avec de meme

621 1190 1771 183 journal resuscité : c'est en resuscitant

640 1309 1704 175 que le sauveur a écrasé, avec les

628 1404 1708 207 debris de son glorieux sepulcre, la

621 1544 1265 175 synagogue et ses partisans.

760 1584 1747 218 Il est vraiment facheux que m^r [Tacond?]

660 1739 1812 143 n'ait pas accedé aux propositions que

680 1826 1760 175 vous lui feriez ; les [???] et son

672 1918 1784 195 propre interet [???] lui en faire

668 2025 1740 179 un devoir ; car, au fond, son journal

664 2125 1839 183 etait plutot le votre que le sien, c'etait

648 2208 1843 207 vous qui lui aviez donné de l'eclat et

660 2324 1831 187 de la vie ; il ne vivoit, pour ainsi dire

660 2415 1851 223 que de vos souvenirs, il ne s'abritait que

664 2571 888 147 sous votre robe.

776 2614 1672 187 Benie par le souverain Pontife, votre

684 2742 1788 171 entreprise ne peut être que couronnée

692 2837 1823 195 par le succès. en peu de temps elle aura

696 2949 1744 183 repris avec son ancienne extension son

704 3040 1720 195 ancienne influence; tout s'annonce

712 3180 772 163 bien pour elle.

2750 457 976 147 dejà j'ai eu l'acces :

2683 557 1047 175 plusieurs reunions c'e

2691 676 1023 163 qui avaient bien chez

2695 776 1011 167 tous plus que de la

2702 919 1016 143 vive satisfaction ;

2706 1034 1020 171 sont montrés disposé

2730 1174 665 135 [abonnements?]

2838 1285 864 135 Permettez que je

2746 1404 976 144 un abonnement pour

2758 1520 534 167 15 avril.

2957 1611 765 152 Veuillez, monsi

2814 1723 912 151 attendant, avec mes

2818 1826 912 148 la nouvelle assura

2818 1950 912 179 distingués et [?]

3383 2085 347 167 T S. V.
