3734 4808
348 785 1853 212 J'avais eu la promesse formelle du Cardinal

441 913 1813 180 Arch. de Naples d'une correspondance gratuite

469 1017 1789 180 et bien faite, qu'il se chargerait de vous faire

477 1129 1773 161 adresser à Paris à l'adresse de votre journal,

461 1234 1785 132 que je lui ai donné. Jusqu'ici je n'ai rien vu

477 1318 1704 120 d'imprimé sur l'Univers. Dites moi si rien

473 1414 1777 144 ne vous est arrivé, ou si vous n'avez pu vous

461 1506 1801 164 servir de ce qu'on vous a écrit. Je puis trouver

473 1594 505 132 quelqu'autre.

316 1662 1865 189 Le Marquis [[Corme]], gentilhomme et chrétien

481 1790 1756 149 accompli, s'est lui aussi chargé d'une corre-

485 1867 1793 172 spondance florentine. Il m'a proposé a Mons.

477 1955 1785 172 Gigli, à qui j'ai fait dire de s'adresser di-

493 2043 1785 176 rectement à vous pour arranger ses obligation

509 2123 1737 180 et sa recompense puisque il en avait besoin

481 2231 1359 173 pour travailler mieux à son aise.

332 2303 1942 205 Tous les Peres me chargent de vous féliciter

489 2416 1773 180 bien cordialement de votre grand succès. Com-

505 2520 1732 148 me nous autres écrivains catholiques ne for-

497 2592 1753 164 ment qu'une seule arme spéciale dans cette

485 2668 1793 196 grand' armée de l'apostolat; nous nous réjouis-

489 2764 1773 164 sons comme d'un bonheur qui nous touche de

481 2856 1801 189 prés, qui nous encourage et fortifie, des victoi-

497 2932 1684 197 res de nos confrères. Dieu en soit béni et

489 3061 385 148 glorifié !

300 3081 1921 228 Je vous prie de croire à mon respect et à mon

549 3189 1348 200 affection, et de prier toujours pour

1496 3221 786 148 Votre dévoué Serv et H

1540 3313 754 272 Charles Pinoville
