2647 4370
167 36 142 193 2

207 171 850 182 Petrarque nous l'indique

506 273 1302 171 Con le ginocchia della mente inchine

189 422 2272 178 L'homme est libre; mais il ne l'est pas s'il ne croit pas de l'etre, car

182 520 2286 226 plus il suppose de force au Destin plus il se prive de celle que Dieu lui a don:

185 651 2265 226 né quand il l'a partagé de la raison. La raison est une parcelle de la

175 768 2267 218 divinité du Createur. Si nous nous en servons pour ètre humbles,

178 881 2242 236 et justes, nous ne pouvons que plaire à celui qui nous en a fait le

182 997 2282 259 don. Dieu ne cesse d'ètre Dieu que pour ceux qui conçoivent possible

189 1088 2279 292 son inexistence. Ils ne peuvent pas subir une plus grande punition.

244 1219 2195 299 Quoique l'homme soit libre, il ne faut cependant pas croire qu'il

189 1351 2235 291 soit maitre de faire tout ce qu'il veut. Il devient esclave lorsqu'il se

193 1471 2238 317 determine à agir quand une passion l'agite. Nissi paret imperat.

189 1591 2224 299 Celui qui a la force de suspendre ses demarches jusqu'à l'arrivèe du

200 1791 1305 244 calme est le sage. Cet ètre est rare.

277 1857 2129 317 Le lecteur qui aime à penser verra dans ces memoires que

200 1981 2224 316 n'ayant jamais visè à un point fixe, le seul systeme que j'eus,

207 2097 2228 342 si c'en est un, fut celui de me laisser aller oû le vent qui souffloit

193 2214 2286 338 me poussoit. Que de vicissitudes dans cette indèpendence de methodes !

404 2501 336 84 infortunes

211 2374 2224 317 Mes >< egalement que mes bonheurs m'ont demontrè

215 2483 2253 335 que dans ce monde tant physique que moral le bien sort du mal,

207 2640 2268 298 comme du bien le mal. Mes egaremens montreront aux pen:

193 2742 2257 320 seurs les chemins contraires, ou leur apprendront le grand art de se

204 2865 2231 336 tenir à cheval du fossèt. Il ne s'agit que d'avoir du courage, car la

204 3000 2246 328 force sans la confiance ne sert à rien. J'ai vu tres souvent le bon:

182 3124 2246 350 heur tomber sur moi en consequence d'une demarche imprudente,

200 3255 2242 368 qui auroit dû me mener au precipice; et quoiqu'en me blamant,

196 3412 2279 324 j'ai remerciè Dieu. J'ai aussi vu, tout au contraire, un malheur ac:

211 3536 2264 320 cablant sorti d'une conduite mesurèe par la sagesse: cela m'a hu:

204 3699 2227 303 miliè; mais sûr d'avoir eu raison, je m'en suis facilement consolè.

288 3849 2198 284 Maglré le fond de l'excellente morale, fruit necessaire des divins

236 3994 2217 277 principes enracinès dans mon coeur, je fus toute ma vie la victime des
