2638 4350
130 155 55 171 6

217 112 73 87 VI

163 123 2304 152 pour me tromper moi même que mes lecteurs, car je ne pourrois jamais

163 228 2279 159 me determiner à leur donner de la fausse monnoye, si je la connoissois pour

163 380 283 163 fausse.

195 438 2290 210 Le temperament sanguin me rendit tres sensible aux attraits de toute

177 551 2297 228 voluptè, toujours joyeux, et empressè de passer d'une jouissance à l'autre,

177 656 2315 243 et ingenieux à en inventer. De là vint mon inclination à faire des nouvelles

177 775 2268 236 connoissances, autant que ma facilitè à les rompre, quoique toujours avec

174 870 2326 264 connoissance de cause, et jamais par legeretè. Les defauts du temperament sont

181 982 2279 265 incorrigibles, parceque le temperament même est indèpendant de nos forces;

174 1094 2289 269 mais le caractere est autre chose. Ce qui le constitue est le coeur, et l'esprit; et

170 1178 2275 319 le temperament y ayant tres peu d'influence, il s'ensuit qu'il depend de l'

166 1341 1884 272 education, et qu'il est susceptible de corrections, et de reforme.

195 1413 2268 330 Je laisse à d'autres à decider si le mien est bon ou mauvais, mais tel qu'il est

185 1504 2307 373 il se laisse facilement voir sur ma physionomie à tout connoisseur. Ce n'est

199 1660 2232 341 que là que le caractere de l'homme est un objet de la vue, car c'est son

199 1740 2239 387 siege. Observons que les hommes qui n'ont pas de physionomie, et dont le

199 1881 2253 348 nombre est tres grand, n'ont pas non plus ce qu'on appelle un caractere.

185 1972 2249 377 Par consequent la diversité des physionomies sera egale à la diversitè des

203 2341 410 102 caracteres.

235 2287 2207 308 Ayant reconnu que dans toute ma vie j'ai agi plus en force du sentiment,

217 2403 2235 315 que de mes rèflexions, j'ai decidè que ma conduite a plus dèpendu de

210 2515 2221 323 mon caractere que de mon esprit après une longue guerre entr'eux,

203 2624 2231 330 dans laquelle alternativement je ne me suis jamais trouvè ni assez d'

188 2780 2268 304 esprit pour mon caractere, ni assez de caractere pour mon esprit. Bri:

203 2881 2260 338 sons la dessus, car c'est le cas que si brevis esse volo obscurus fio. Je crois

195 3019 2218 308 que sans blesser la modestie je peux m'en approprier ces paroles de mon

203 3142 2068 312 cher Virgile: Nec sum adeo informis : nuper me in littore vidi

714 3327 1187 211 Cum placidum ventis staret  mare.

235 3403 2257 290 Cultiver les plaisirs de mes sens fut dans toute ma vie ma principale

188 3534 2243 275 affaire: je n'en ai jamais eu de plus importante. Me sentant nè

188 3675 2232 240 pour le sexe different du mien, je l'ai toujours aimè, et je m'en

199 3817 2203 217 suis fait aimer tant que j'ai pu. J'ai aussi aimè la bonne table

203 3951 2246 210 avec transport, et passionèment tous les objets faits pour exciter la
