2692 4351
210 145 297 123 curiositè.

235 199 2224 185 J'eus des amis qui me firent du bien, et je fus assez heureux de pouvoir en

217 297 2260 217 toute ocasion leur donner des marques de ma reconnoissance; et j eus des dè:

221 409 2289 232 testable ennemis qui m'ont persecutè, et que je n'ai pas exterminè par:

177 543 2304 211 -ce que je l'ai pas pu. Je ne leur aurois jamais pardonnè, si je n'eusse

210 645 2260 217 >< oubliè le mal qu'ils m'ont fait. L'homme qui oublie une injure

221 750 2278 239 ne l'a pas pardonnèe; il l'a oublièe; car le pardon part d'un sentiment

214 855 2282 265 heroïque d'un coeur noble, et d'un esprit genereux, tandis que l'oubli vient

217 968 2289 264 d'une foiblesse de memoire, ou d'une douce nonchalance amie d'une

217 1073 2289 290 ame pacifique, et souvent d'un besoin de calme, et de paix; car la

199 1207 2057 304 haine, à la longue, tue le malheureux qui se plait à la nourir.

253 1345 2228 275 Si on m'appellera sensuel on aura tout, car la force de mes sens ne m'a

221 1439 2314 312 jamais arrachè à mes devoirs, quand j en ai eu. Par la même raison on n'au:

214 1569 2343 309 roit jamais dû appeller Homere ivrogne: Laudibus arguitur vini vinosus

195 1849 418 141 Homerus.

243 1820 2274 272 J'ai aimè les mets au haut gout: le patè de macaroni fait par un

199 1932 2315 308 bon cuisinier napolitain, l'Ogliapotrida, la morue de Terre-neuve bien

199 2041 2311 333 gluante, le gibier au fumèt qui confine, et les fromages dont la perfection

203 2171 2303 301 se manifeste quand les petits ètres qui les habitent commencent à se rendre

199 2295 2315 297 visibles. Pour ce qui regarde les femmes, j'ai toujours trouvè que celle

203 2436 2293 283 que j'aimois sentoit bon, et plus sa transpiration étoit forte plus elle me sem:

199 2683 435 116 bloit suave.

250 2668 2260 268 Quel gout depravè! Quelle honte de se le reconnoitre, et de ne pas en

214 2799 2285 279 rougir! Ce critique m'excite à rire. En grace de mes gros gouts, je suis

206 2900 2311 290 assez effrontè pour me croire plus heureux qu'un autre, d'abord que

210 3023 2296 298 je me trouve convaincu que mes gouts me rendent susceptible de plus

206 3158 2337 297 de plaisir. Heureux ceux qui sans nuire à personne savent s'en pro:

206 3277 2351 290 curer, et insensès les autres qui s'imaginent que le Grand-etre puis:

195 3415 2311 290 se jouir des douleurs, des peines, et des abstinences qu'ils lui offrent

195 3535 2308 301 en sacrifice, et qu'il ne cherisse que les extravagans qui se les procu:

206 3662 2333 293 rent. Dieu ne peut exiger de ses crèatures que l'exercice des vertus dont

188 3799 2322 272 il la placè le germe dans leur ame, et il ne nous a rien donnè qu'à dessein

188 3941 2340 344 de nous rendre heureux: amour propre, amibition d'eloge, sentiment

2155 116 29 76 8

2220 112 105 69 VII

2405 101 47 98 7
