2669 4366
174 105 51 131 8

163 116 2360 156 d'emulation, force, courage, et un pouvoir dont nulle tyranie peut nous

211 229 2297 171 priver: c'est celui de nous tuer, si après un calcul juste, ou faux nous a:

214 327 2283 186 vons le malheur d'y trouver votre compte. C'est la plus forte preuve de

203 418 2287 222 notre libertè morale que le sophisme a tant combattu. Elle est cependant

203 516 2338 233 justement en horreur à la nature; et toutes les religions doivent la proscrire.

247 629 2254 233 Un pretendu esprit fort me dit un jour, que je ne pouvois pas me dire

207 764 1187 243 philosophe, et admettre la rèvelation.

258 833 2258 280 Si nous n'en doutons pas en physique, pourquoi ne l'admettrions nous

222 924 2268 327 pas en matiere de religion? Il ne s'agit que de la forme. L'esprit parle

214 1084 2276 280 à l'esprit, et non pas aux oreilles. Les principes de tout ce que nous sa:

211 1204 2315 280 vons ne peuvent qu'avoir ètè revelès à ceux qui nous les comuniquerent

207 1317 2290 316 par le grand et supreme principe qui les contient tous. L'abeille qui

196 1426 2294 338 fait sa vache, l'hirondelle qui construit son nid, la fourmi qui fait sa

207 1542 2294 324 cave, et l'araignèe qui ourdit sa toile n'auroient jamais rien fait sans

211 1669 2250 310 une revelation prèalable eternelle. Ou nous devons croire que la chose

203 1826 2254 284 est ainsi, ou convenir que la matiere pense. Pourquoi non, diroit

196 1924 2320 342 Loke, si Dieu l'eut voulu? Mais nous n'osons pas faire tant d'honneur

207 2117 1660 251 à la matiere. Tenons nous donc à la rèvelation

262 2223 2235 312 Le grand philosophe, qui après avoir ètudiè la nature, crut pou:

207 2332 2232 305 voir chanter victoire la reconnoissant pour Dieu mourut trop

211 2455 2272 324 tôt. S'il eût vecu quelque tems d'avantage, il se voit allè beau:

214 2597 2247 306 coup plus loin, et son voyage n'eût pas ètè long. Se trouvant

218 2732 2236 291 dans son auteur, il n'auroit plus pu le nier: in eo movemur, et

211 2892 2203 247 sumus. Il l'auroit trouvè inconcevable; et il ne s'en seroit pas

229 3016 2265 280 inquietè. Dieu, grand principe de tous les principes, et qui n'eut

207 3168 2283 241 jamais de principe, pourroit il lui même se concevoir, si pour se

211 3278 2286 247 concevoir il eut besoin de connoitre son propre principe? O heu:

207 3394 2301 266 reuse ignorance! Spinosa, le vertueux Spinosa mourut avant de

196 3536 2265 262 parvenir à la posseder. Il se voit mort savant, et en droit de pretendre

185 3674 2028 237 à la rècompense de ses vertus supposant son ame immortelle.

222 3798 2235 255 Ce n'est pas vrai qu'une prètention de rècompense disconvienne à la

189 3947 2323 237 veritable vertu, et qu'elle porte atteinte à sa puretè, car, tout au contraire

291 105 98 84 VIII
