2682 4304
222 86 2158 154 elle sert à la soutenir, l'homme ètant trop foible pour ne vouloir

233 193 2273 165 ètre vertueux que pour plaire uniquement à soi même. Je crois fabuleux

229 312 2262 150 cet Amphiaraus qui vir bonus esse quam videri malebat. Je crois enfin

229 426 2244 172 qu'il n'y a pas d'honete homme au monde sans quelqu'espece de

229 534 1523 197 pretention; et je vais parler de la mienne.

240 638 2248 204 Je pretens à l'amitè, à l'estime, et à la reconnoissance de mes

222 749 2230 194 lecteurs. A leur reconnaissance, si la lecture de mes memoires les

236 878 2255 180 aura instruits, et leur aura fait plaisir. A leur estime, s'ils m'au:

226 989 2262 201 ront trouvè me rendant justice, plus de qualitès que de dèfauts; et à

219 1108 2258 179 leur amitiè d'abord qu'ils m'en auront trouvè digne par la franchise,

219 1201 2261 226 et la bonne foi avec laquelle je me livre sans nul dèguisement tel que

219 1373 850 194 je suis à leur jugement.

236 1441 2230 226 Ils trouveront que j'ai toujours aimè la veritè avec tant de passion,

215 1549 2247 244 que souvent j ai commencè par mentir pour la faire entrer dans des

211 1682 2305 240 tetes qui n'en connoissoient pas les charmes. Ils ne me condamneront pas

215 1804 2287 233 quand ils me verront vider la bourse de mes amis pour m'en servir à

211 1897 2287 258 satisfaire à mes caprices. Ils avoient des projets chimeriques, et leur en

204 2019 2287 262 faisant esperer la rèussite, j'esperois en même tems de les guerir de leur

197 2141 2280 254 folie les desabusant. Je les trompois pour les faire devenir sages; et je ne

201 2248 2337 273 me croyois pas coupable, car ce qui me feroit agir n'etoit pas un esprit d':

204 2395 2337 251 avarice. J'employois à payer >< mes plaisirs des sommes destinèes à parvenir

204 2503 2327 287 à des possessions que la nature rend impossibles. Je me croirois coupable,

208 2639 2276 273 si aujourd'hui je me trouvois riche. Je n'ai rien; j'ai tout jetè, et cela

193 2768 2334 273 me console, et me justifie. C'ètoit un argent destinè à des folies: j'en ai detour:

204 2933 1357 248 nè l'usage le fesant servir aux miennes.

254 3052 2252 244 Si dans l'espoir que j'ai de plaire je me trompe, j avoue que j en serois

204 3206 2330 212 fachè, mais non pas assez pour me repentir d'avoir ècrit, car rien ne

201 3353 2326 179 pourra faire que je ne me sois amusè. Cruel ennui! Ce ne peut ètre

201 3489 2326 176 que par oubli que les auteurs des peines de l'enfer ne t'y placerent.

229 3640 2305 151 J'avouerai cependant que je ne peut pas me dèfendre de la crainte

204 3751 2323 190 du sifflet. Elle est trop naturelle pour que j ose me vanter d'y ètre

204 3913 2316 168 superieur; et je suis bien loin de me consoler esperant que quand mes

2218 89 47 83 9

2355 86 57 86 IX

2401 107 61 133 9
