2530 3284
142 128 903 164 lations plus tard

435 298 2001 167 Le caractère du mineur : bonhomie et su-

164 440 435 162 perstition

410 604 1416 154 La scrofulose Très commune

405 752 1957 159 Expression pesante, à mouvements lents.

386 889 1823 172 Le lundi les herscheur manquent à la

120 985 181 238 fosse

397 1039 2028 233 Le marché à forfait, au marchandage exté-

120 1280 693 112 nue l'ouvrier.

407 1340 2010 217 Le remblayage sur mst, >mai< meilleure

180 1510 2150 230 condition hygienique que les haveurs (11)

161 1685 2084 189 Bonnemort a remblayé après avoir été à la

142 1828 2259 205 veine, lorsque son asthme ne lui a plus permis

145 2000 583 178 de travailler.

342 2142 1914 208 La houille grasse plus de gaz et de

221 2274 318 123 asthme

128 2274 2276 235 poussier, beaucoup - L'eau est plus abondante

156 2454 2190 184 dans les charbons maigres ><; rhumatisme

142 2632 216 184 (12)

399 2651 1950 203 air altere par respiration des hommes et des

120 2813 2240 191 animaux, combustion des lampes, putrefactaire des

109 2955 2234 164 matières animales, evaporation de l'eau, deflagra-

147 3078 2289 186 tion de la poudre, combustion lente de la houille

2122 60 117 126 99

2313 71 77 194 2
