2499 3218
136 182 2231 137 où moins, suivant l'inclinaison de

120 327 2247 150 la veine. L'ouvrier se met sur le flanc,

110 471 2182 156 et attaque la veine de biais. J'en

107 638 2220 118 ai vu un tout nu, avec la peau

110 777 2182 194 salie de poussière noire. Les yeux et

99 911 2169 167 les dents blanches. Quand ils rient, des

88 1091 346 166 nègres.

295 1185 2034 171 On monte parmi le charbon abattu,

118 1356 2166 150 en se tenant aux bois; très chauds,

118 1491 2171 163 la sueur coule. Les lampes petites, les

142 1657 2195 166 formes s'agitant dans la nuit fu-

134 1818 2228 161 meuse au fond de cette tranche beau

155 1973 2236 161 te et noire. Les voix étouffées. Tout noir

155 2148 2185 168 Enfin en haut, à gauche on trouve

153 2298 2249 166 l'amorce de la galerie superieure, laissée

153 2442 2252 167 en haut de la taille, et qui fait retour

158 2582 2225 177 tout le long de la taille déjà extraite

166 2751 2209 161 et remblayer. Seulement, elle n'a pas

153 2864 2166 252 été agrandie, exhaussée surtout, et

2023 32 376 190 238 30
