1900 2381
260 126 79 100 43

476 182 1332 93 dans le drame sanglant dont les Buttes-Montmartre

482 253 987 106 et la rue des Rosiers furent le théâtre.

549 335 1188 91 Dès la veille, les émeutiers convoqués par le

470 418 1247 85 comité central se tenaient prêts à s'opposer

474 498 1298 81 à l'enlèvement des canons. Au signal du tocsin

472 571 1332 95 et de la générale, la prévenue, armée d'une carabine

470 658 1293 90 et vêtue du costume de garde national, quitte

466 732 1271 89 son domicile et se dirige vers le terrain où la

470 805 1285 99 lutte doit s'engager. Et comme elle sait qu'elle

462 886 1302 78 va commettre un crime, elle s'arrête en chemin,

462 966 1302 83 pour demander si on peut la reconnaître dans

458 1035 1273 84 l'accoutrement qu'elle vient d'emprunter. Elle

458 1113 1324 79 cherche ensuite, selon son dire, à répandre l'idée

460 1188 1295 77 révolutionnaire, et se rend au comité de la Rue

458 1269 336 74 des Rosiers.

543 1335 1239 89 Que se passa-t-il alors dans cette maison

452 1414 1283 93 prédestinée et choisie d'avance par les

450 1502 354 59 conjurés ?

549 1577 1190 69 C'est ce qu'on ne saura jamais, sans doute,

454 1648 1307 90 car qu'elle n'est pas en matière de complot, la

452 1726 1255 99 difficulté des recherches et surtout des preuves

446 1823 342 97 judiciaires !

514 1879 1270 97 Dans tous les cas, la complice de >< arrestation

442 1960 1326 97 des infortunés Généraux Lecomte et Clément

452 2041 1279 101 Thomas craint de voir les deux victimes lui
