2000 2993
237 122 77 90 7

377 149 988 77 D. _ N'êtes-vous pas parente de Victor Noir ?

374 209 1501 85 R. _ Non ; ce qui a pu le faire croire, c'est un article de la Marseillaise où,

474 276 1308 75 après sa mort, je jurais de porter son deuil jusqu'à ce qu'il soit vengé.

392 316 1023 80 D. _ Avez-vous subi des condamnations ?

387 371 1500 80 R. _ Non, mais j'ai été mise en prison pendant quelques heures à la fin de

474 428 1431 65 septembre, parce que j'avais fait, avec d'autres femmes, une manifestation ayant

471 471 1424 70 pour but de demander des volontaires pour aller au secours de Strasbourg ; Une

474 518 1436 93 seconde fois, pendant deux jours, parce que je voulais empêcher des femmes de faire

479 578 734 72 une manifestation n'ayant aucun but.

382 618 1525 77 D. _ Ne vous êtes-vous pas livrée à des actes de violence envers certaines personnes ?

384 675 1466 55 R. _ Je n'ai jamais violenté personne, mais lorsqu'on m'attaque, je réponds.

474 718 1431 65 Ainsi, à la dernière manifestation dont je viens de parler, un officier m'ayant

469 753 1001 75 tirée par mon chapeau, je lui ai donné un soufflet.

379 808 1503 59 D. _ Nul n'est censé ignorer la loi ; en agissant comme vous l'avez fait, soit

476 848 1434 72 comme institutrice, soit, enfin comme auteur de publication politiques, soit

476 905 1416 60 comme ambulancière des troupes de la commune, vous vous êtes rendue

474 947 1436 68 bien coupable. Vous vous êtes faite la complice des criminels qui ont semé

474 985 1413 77 la terreur, la dévastation et la mort dans notre malheureuse capitale,

474 1037 462 77 qu'avez-vous à dire ?

379 1074 1134 78 R. _ J'ai agi d'après ma conscience et mes convictions.

377 1134 1530 85 D. _ Persistez-vous à déclarer que vous n'avez jamais reçu d'appointements

476 1192 732 65 ou de promesses de la commune ?

372 1222 1523 87 R. _ Non, on ne m'a jamais rien promis, et je n'aurais jamais rien accepté.

384 1277 944 79 D. _ Avez-vous de la fortune ?

382 1316 1468 95 R. _ Non, mais je donne des leçons de musique et de dessin, en dehors

474 1379 252 60 des classes.

374 1414 1493 82 D. _ Pouvez-vous nous citer quelques noms de vos élèves de musique ou

476 1466 223 70 de dessin ?

369 1508 1536 70 R. _ Je ne veux donner aucune adresse, de crainte de compromettre qui que

476 1568 148 65 ce soit.

372 1598 1285 88 D. _ Quels sont les membres de la Commune que vous voyiez ?

372 1651 1533 84 R. _ Il m'arrivait quelque fois de les voir tous réunis ou de n'en voir qu'un

476 1706 1109 82 ou deux ; je n'avais que des médicaments à leur demander.

379 1748 1526 90 D. _ N'avez-vous pas, dans quelques réunions publiques demandé l'exécution

471 1805 957 83 de certaines personnes, des otages, par exemple ?

369 1843 1511 94 R. _ Non, j'ai seulement réclamé Blanqui avec fermeté, je demandais

474 1910 736 75 qu'on exigeât qu'il nous fût rendu.

377 1945 1073 85 D. _ Madame votre mère était-elle mariée ?

374 1997 305 73 R. _ Non.

384 2035 1343 92 D. _ N'aviez-vous pas des relations intimes avec un homme ?

379 2092 1308 65 R. _ Non, je n'avais qu'une passion, celle de la Révolution.

382 2122 1523 82 D. _ Comment étiez-vous vêtue lorsque vous étiez aux ambulances ou

471 2189 627 55 dans les réunions publiques ?

369 2214 1513 80 R. _ Je portais toujours une robe noire et une ceinture rouge à la taille ;

469 2269 1426 73 une fois ou deux, pendant le siège de Paris par les Prussiens, je m'habillai

469 2317 1306 87 en homme, pour aller à une réunion, traiter une question de travail.

369 2364 1511 92 D. _ Avez-vous quelque chose à ajouter et des témoins à décharge à faire

464 2411 220 78 entendre ?

382 2461 292 75 R. _ Non.

541 2496 1356 87 Lecture faite à la nommée Michel, du présent procès-verbal d'interroga-

459 2546 1408 97 toire, elle a déclaré que ses réponses ont été fidèlement transcrites et elle a

466 2618 752 73 signé avec nous et le commis greffier.

901 2646 667 90 Approuvé la rature d'un mot nul.

292 2711 594 109 Lenpiaque

1128 2738 387 105 Louise Michel

1670 2706 155 119 PNior
