7279 4616
2262 480 1893 177 Quelle âme chérissait la fleur de passion ?

2262 611 1893 169 Fut-ce quelque poète, épris de la Chimère,

2266 753 1789 162 Qui, pensant éternelle une vie éphémère

2277 884 1504 158 Ensevelit ici sa chère illusion ?

2316 1123 1854 173 Fut-ce un de ces malheureux à l'âme d'un apôtre

2327 1265 404 112 Amoureux

2323 1284 1812 146 <> d'une gloire au sourire incertain

2292 1400 1878 150 Qui, vainement aimée et recherchée en vain

2289 1523 1881 169 Sera toujours pour eux la maîtresse d'un autre

2277 1781 1920 173 Fut-ce un dieu amoureux n'ayant qu'en-seul amour

2285 1919 1889 173 Qui ne gardent vivants qu'une joie dans l'âme,

2312 2061 1873 154 L'exclusif souvenir adoré d'une femme,

2304 2184 1851 166 Qu'ils savent disparue et morte sans retour.

2331 2450 1820 150 La fleur de passion convaint à l'amant

2327 2592 1843 142 Qui retrouve et revait maîtresse en fiancée

2316 2696 1854 212 Toujours aimée et belle au fond de sa pensée,

2308 2850 1804 158 Qui l'aime tristement et passionnément.

2331 3104 1889 178 Fut-ce un amour plus grand encore et plus divin

4189 473 1862 150 L'amour qui cherche et veut la beauté sans égal,

4193 600 1720 150 L'idéale beauté dans une âme idéale.

4193 730 1812 166 Un rêve ayant la force et la douceur du soir

4193 992 1835 131 On nomme comme on veut ces amoureux étranges

4181 1100 1766 165 Philanthropes, martyrs, religieux, infinis,

4189 1254 1885 142 Qui viennent et qui vaut au milieu de nous

4181 1388 1874 139 Mais sans nous ressenbler, comme feraient des anges

4228 1619 1846 158 Ils ont des noms d'amour en leurs livres en feu,

4208 1754 1743 161 Prière, Charité, Patience, Espérance,

4205 1888 1869 158 Jamais de désespoir dans toute leur souffrance

4216 2023 1885 150 Car ils prêchent l'attente et la croyance en Dieu

4208 2269 1839 192 Qui-sait ? - Le blanc tombeau doit garder un

5543 2431 420 130 mystère.

4208 2550 1828 161 Qui viendrait le troubler d'un regard trop

5524 2692 485 123 curieux ?

4208 2819 1889 166 Amoureux ou martyr, poète ou religieux

4228 2961 1850 181 Qu'il donne en paix, celui qui recouvre

5559 3058 525 162 la leur !

5882 300 119 173 79
