7279 4616
3535 1969 1462 204 Qui précède les trois autres, comme étant leur roi.

3520 2131 577 115 <> <> <>

3531 2146 1178 173 Celui-ci est Homère, Poète souverain,

3516 2223 1408 161 "L'autre qui le suit, est Horace le satirique

3497 2300 1477 150 "Le troisième est Ovide, et le dernier Lucain.

3947 2396 850 127 Chacun mérite comme moi

3524 2461 1438 150 "Le nom que prononça la seule voix (le nom

4616 2554 285 100 de Poète)

3512 2619 1389 158 "Ils me rendent ces honneurs dont je suis

4720 2692 200 123 digne.

3535 2761 1212 127 Ainsi je vis se réunir la belle école

3531 2850 1166 127 De ce traite de la haute poésie,

3539 2927 1408 146 Qui plane sur tous les autres, comme un aigle

3551 3011 1150 143 Après qu'ils avait parlé ensemble

3574 3088 1373 158 Ils se tournèrent vers moi, avec un geste

4605 3173 300 104 amical.

3585 3223 816 150 Et mon traitre sourit.

3562 3304 1227 157 Ils me firent encore plus d'honneur,

3581 3388 1389 154 Et m'admirant dans leurs rangs augustes

3577 3477 1362 146 Je fus le sixième parmi tant de sagesse

3577 3550 1405 146 Ainsi nous allâmes ensemble vers la lumière,

3574 3623 1550 177 Parlant de choses qu'il est beau de taire en ce moment

3558 3727 1416 146 Come il convenait alors d'en faire le sujet

4462 3819 508 85 de notre entretien

3570 3888 1366 116 Nous nous trouvâmes au pied d'un noble

3566 4019 1127 112 Sept fois entouré de hauts murs

4612 3974 350 91 château

3597 4089 1358 130 Que baignait alentour un beau fleuve.

3597 4185 1269 142 Nous passâmes aussi facilement que

4093 4250 919 139 s'il avait été de la terre dure,

5032 1954 1219 192 Par sept portes j'entrai avec ces sages,

5066 2069 1389 146 Et nous nous réunîmes dans un pré d'une

5055 2234 1373 131 Là étaient <> gente aux regards lents et

5436 2223 104 77 une

5874 2177 539 111 fraîche verdure.

6094 2346 238 104 graves

5059 2408 1308 111 leur présence avait une grande autorité,

5055 2484 1431 131 Ils parlaient peu, mais d'une voix très douce.

5082 2565 1350 150 Les Portes m'attirèrent d'<> un autre côté

5043 2658 1316 138 Dans un lieu ouvert, <> et lumineux

5747 2642 146 96 élevé

5059 2719 1108 142 D'où-je pus voir toutes ces âmes.

5059 2796 1215 142 Là, debout sur l'émail de verdure

5066 2865 1201 170 Ces grands esprits ne furent montrés,

5078 2958 1204 153 Je me sentis élevé par leur présence.

5055 3035 1096 165 Je vis Electre, entouré de héros

5066 3108 1435 165 Parmi lesquels je reconnus Hector, <> Enée,

5062 3208 1159 134 César armé, aux yeux étincelants.

5074 3296 1420 146 Je vis Camille, Pentésilée (deux guerrières)

5074 3369 1377 150 "Et dans une autre partie je vis le roi latin

5070 3461 1181 154 Qui siégeait avec Lavinie, sa fille.

5136 3535 1315 177 Je vis ce Brutus qui chassa Tarquin,

5116 3623 1228 158 Lucrèce, Julie, Borcia et Cornélie

5089 3727 1062 150 Et, seul, à part, je vis Saladin.

5101 3800 1154 162 Puis, en élevant un peu les paupières

6047 3884 203 72 avaient

5136 3885 1335 169 Je vis le maître de ceux qui <> la science

5967 3969 334 112 (Aristote)

5097 4019 1439 143 Assis au milieu de sa famille de philosophes.

5120 4112 1451 153 Tous l'admirèrent, tous lui faisaient honneur,

5036 4235 1388 161 Qui sait plus près de sa gloire que les autres,

5159 4181 977 127 Je vis là Socrate et Platon

6363 1919 123 200 95
