7263 4616
1808 250 1500 219 ..Le printemps n'a-t-il plus de fleurs ?

1796 384 1204 154 .. La vie n'a-t-elle plus de roses ?

1811 465 1258 123 .. Sur ton front règnent les pâleurs

1800 553 1185 116 .. Qu'ont laissé les soucis moroses.

1819 638 1096 154 .. Jouis ! c'est là toute la vie,

1854 723 1019 127 .. Jouis de toute sa beauté !

1846 788 1035 150 Oh ! laisse ton âme ravie

1850 842 1139 173 .. Se noyer dans la volupté !"

1638 938 1562 200 Mais mon coeur se détourne et répond

2631 1042 458 100 tristement :

1788 1173 362 138 Je suis vieux

1981 1100 1138 150 "A quoi bon cette joie bruyante ?

1684 1192 1455 146 <> quoique jeune, et serieux

2869 1277 462 84 constamment,

1908 1330 1123 127 "A quoi bon l'ivresse fuyante ?

1631 1400 1719 180 A quoi bon le plaisir qui ne dure qu'une heure

1977 1511 1046 123 "A quoi bon un espoir déçu ?

1638 1565 1658 169 "Il est toujours en moi quelque chose qui pleure,

2554 1669 158 69 règne

1808 1680 1207 127 "De la <>,<> <><> reçu.

2073 1684 92 93 vie

2354 1673 150 92 n'ai

1688 1769 1685 165 "Laissez-moi la douleur qui sait rendre meilleur,

1981 1873 954 123 Laissez-moi le calme silence

1684 1927 1574 188 "Afin que je sois fort, afin que la douleur

2031 2023 1342 134 "Laisse en moi sa tendresse immense."

1684 2138 1585 162 Une autre voix surgit, âpre comme la mer,

1688 2242 1620 142 Immense, comme si les peuples et les races

1692 2308 1531 188 Parlaient tous à la fois, - c'étaient la voix

2773 2408 454 73 des masses

1704 2454 1681 342 Les nations d'aujourd'hui, les peuplades d'hier.

3366 211 1623 189 Et c'était le grand cri de toute l'humanité :

3308 307 1466 166 Mon cœur le devina :c'était la Liberté.

3385 400 1562 207 Je suis le souffle fort de nos grandes révoltes,

3381 503 1458 162 Je suis l'ardent effort de nos révolutions,

3412 573 1458 165 Et le champ de bataille où d'immenses

4604 642 254 77 récoltes

3389 669 1592 192 "Souvient où fut versé le sang des bataillons.

3412 777 1596 203 "Je suis ce qui rend digne et suis ce qui rend fort

3404 846 1504 200 "La Liberté n'est pas conquise toute entière,

3412 927 1458 207 "A la lutte ! toujours le vigoureux effort !

3400 992 1547 200 "Toujours l'ardent combat ! Toujours le but

4573 1065 320 100 austère !

3396 1127 1631 203 "A tous la Liberté, les droits, l'indépendance !

3392 1200 1635 204 "Je suis ce qui rend noble et suis ce qui rend fier,

3419 1284 1647 208 "Guerre aux vieux préjugés ! à l'injustice immense !

3408 1361 1604 212 "Guerre aux captivités, guerre aux abus d'hier ! "

3389 1477 1638 219 Et mon cœur lui répond : Salut, vieille guerrière !

3400 1554 1604 211 "Ô force des grands cœurs, dignité des nations ! -

3431 1654 1527 192 "Le fauve éclat doré de la longue crinière,

3416 1715 1592 212 "Ô lionne ! flotte au vent de nos révolutions !

3416 1811 1650 216 "Ta voix est le clairon qui domine la guerre

3450 1881 1597 192 "Et les cris de la foule et les graves débats, -

3454 1969 1604 196 Je combattrai pour toi, Liberté, vierge austère !

3435 2057 1639 204 Ton farouche sourire est l'éclair des combats !"

3431 2157 1643 208 Bientôt mon cœur se tait, bientôt l'ardent délire

3427 2250 1654 184 S'éteint, et bientôt meurt ce cri vibrant et clair,

3439 2319 1635 189 Tel l'accord frémissant, s'élançant d'une lyre

3427 2392 1577 342 Meurt sur l'onde endormie et tranquille de

4727 2488 200 177 l'air

4874 326 88 104 41
