1800 2255
425 174 1252 102 "Actuellement, la suppression de tous les privilèges,

421 251 1230 96 "de toutes les exploitations, la substitution du

421 338 1245 84 "règne du travail à celui du capital, en un mot,

417 400 1279 109 "l'affranchissement du travailleur par lui-même !"

477 497 1221 85 "Six mois de souffrances et de trahison pendant

426 573 1180 75 "le siège, six semaines de luttes gigantesques

423 637 1205 103 " contre les exploitateurs coalisés, les flots de sang

425 723 1237 88 " versés pour la cause de la liberté, sont nos titres

423 809 769 61 " de gloire et de vengeance !"

519 877 1111 79 "La lutte actuelle ne peut avoir pour issue

426 954 1137 75 "que le triomphe de la cause populaire....

425 1026 1211 80 "Paris ne reculera pas, car il porte le drapeau de

419 1095 1253 79 " l'avenir. L'heure suprême a sonné ! Place aux

419 1170 1275 74 "travailleurs ! Arrière, leurs bourreaux ! Des actes !

419 1234 416 70 "de l'énergie ! ...

504 1304 1151 97 "L'arbre de la liberté croît, arrosé par le sang

413 1390 478 64 "de ses ennemis !...

502 1450 1202 83 Toutes unies et résolues, grandies et éclairées par

417 1522 1236 82 "les souffrances que les crises sociales entraînent à

417 1599 1213 77 "leur suite, profondément convaincues que la

419 1666 1288 81 "Commune, représentant les principes internationaux

410 1734 1295 86 "et révolutionnaires des Peuples, porte en elle les germes

415 1809 1274 87 "de la Révolution sociale, les femmes de Paris prou-

411 1886 1244 87 "veront à la France et au monde qu'elles, aussi,

411 1965 1180 92 sauront, au moment du danger suprême,

1538 120 79 69 46
