2000 2993
254 139 93 107 5

486 152 1421 92 a toujours été religieuse, ce à quoi je m'opposais, lorsque j'étais là. Elles

484 216 1423 93 ne se sont jamais occupées, ni l'une ni l'autre, de politique, que pour me

486 274 1406 97 blâmer. J'organisai et me mis à la tête d'une ambulance volante dans

489 339 1386 82 le courant du mois d'avril. C'est en cette qualité que je me trouvai à

486 399 1424 84 l'affaire des Moulineaux, à Montrouge, à la gare de clamart, dans

489 461 1418 92 les premiers jours de Mai, autant que je puisse me le rappeler, et, enfin

486 518 1376 95 dans les tranchées. Ayant appris que le danger était plus grand à

484 576 1388 102 Neuilly, que partout ailleurs, et qu'on y manquait d'ambulancières,

481 641 1411 89 je me rendis aux postes occupés en cet endroit par les fédérés. J'établis

479 693 1393 87 mon ambulance près la barricade de la Rue Peyronnet, et j'allais et

479 760 1428 95 venais, des barricades de la Rue du Roule, à celle de la rue Inkermann, C^a

474 833 1436 82 pour soigner les blessés. Ayant entendu le tocsin dans la nuit qui précéda

481 890 1424 90 l'entrée des Versaillais, je crus qu'un désastre était survenu dans Paris.

491 955 1364 80 Je me rendis au cimetière du Nord, pour continuer à panser les

501 1017 1404 87 blessés, et je revins à Montmartre pour soigner les victimes du Combat

486 1074 1404 93 qui venait d'avoir lieu dans la chaussée Clignancourt ; je rentrai,

484 1134 1421 95 ensuite, à mon domicile m'étant absentée un instant, on me dit que

479 1202 1401 65 ma mère venait d'être arrêtée pour moi et fusillée. Je m'informai,

494 1239 1356 90 et me rendis au bastion 37, où je pus lui faire rendre la liberté, en

499 1306 1348 88 prenant sa place. Quatre où cinq jours après, je fus écrouée ici

392 1356 1500 100 D. _ Quelle est la solde que receviez pour vos services aux ambulances ?

399 1431 1453 85 R. _ Les services que j'ai rendus aux ambulances ont tous été gratuits. Les

481 1491 979 85 médicaments m'étaient fournis par la commune.

389 1543 1511 95 D. _ Quel était le mode d'enseignement que vous suiviez dans votre classe.

481 1601 1406 90 Quels étaient les sentiments de morale et de religion que vous cherchiez

484 1671 746 82 à inculquer dans le cœur des élèves ?

384 1728 1466 85 R. _ Je suis l'auteur d'une méthode d'enseignement que j'ai envoyée à la

479 1793 1401 92 Commune et qui peut se résumer ainsi : réunir le plus possible de choses

481 1858 1406 89 élémentaires, avec le moins de mots possibles, simples et compréhensibles,

484 1915 1383 87 chaque phrase ayant un sens moral et quelque chose qui frappe

489 1985 1411 72 l'imagination. La morale que j'enseignais était celle-ci : le développement

481 2047 1331 78 De la conscience, assez grand pour qu'il ne puisse exister d'autres

486 2097 1396 75 récompenses ou d'autres punitions que le sentiment du devoir accompli

479 2152 1391 92 ou de la mauvaise action. Quant à la religion, elle était abandonnée

486 2219 517 78 à la volonté des parents.

387 2269 1485 90 D. _ Y'a-t-il eu de la part de la commune des circulaires, des instructions

484 2337 1406 82 ou des décrets relatifs au  mode d'enseignement et aux règles à imposer dans

479 2394 939 77 les écoles du genre de celle que vous dirigiez ?

374 2444 1513 87 R. _ Il y a eu une circulaire adressée aux instituteurs et aux institutrices,

486 2504 742 77 mais je n'ai pas eu le temps de la lire.

379 2559 1486 79 D. _ Navez-vous pas affiché des images, des vers. C^a, pour frapper

476 2616 1419 90 davantage l'imagination des enfants confiés à vos soins ? Ne leur avez-vous

471 2673 822 95 pas fait chanter des airs quelconques ?

1530 2721 222 112 PNior

329 2761 487 79 Lenpiaque
