1800 2233
152 128 246 52 Service Historique

135 169 283 56 de l'Armée de Terre

214 206 128 54 Archives

483 174 1186 71 Cette courageuse et virile manifestation porta ses fruits ; et

348 238 1316 72 Depuis lors, on ne vit plus de ses retraites prolongées en désordre

353 297 1346 78 jusque dans Paris. Les premières fuyardes, honteuse, retournaient

349 372 462 57 bravement à l'ennemi.

593 431 1086 69 Nous n'avons pas eu assez souvent occasion de voir

348 485 1334 80 M^elle Louise Michel pendant le premier siège pour pouvoir énumérer

349 552 1374 63 tous les services qu'elle aura rendue avec la simplicité et le désintéressement

348 610 497 67 les plus complets.

564 671 1122 77 Quand au second siège, nous présumons, à défaut de

351 740 1300 56 renseignements qui nous manquent, qu'elle aura continué à

348 788 1355 69 s'occuper des ambulances et à ramasser les blessés sur les champs de

348 850 178 54 bataille.

582 896 1115 80 Il ne nous reste plus qu'à parler de M^elle Louise

346 980 1349 60 Michel sous un autre point de vue, qui est peu connu jusqu'à

348 1029 1362 80 présent : La femme de Lettre. Presque tout ce qu'elle a écrit est

357 1077 1361 89 resté à l'état de manuscrit. Sa passion pour l'instruction populaire

359 1148 1347 76 avec la gravité absolue l'a tellement absorbée qu'elle a négligé son

361 1207 1360 80 talent d'écrivain ; et son abnégation, son indifférence même pour tout

361 1278 1344 71 ce qui est gloire et fortune, l'ont empêché de faire connaître ses

366 1341 1342 69 oœvres. C'est vers cette voie, qui est réellement la sienne, qu'elle

359 1395 1325 69 a besoin d'être dirigée et encouragée. Les éminentes qualités de

361 1466 1325 58 son cœur devront toujours contrebalancer et faire excuser les

364 1525 1313 77 écarts de son imagination égarée, peut-être, par un excès de

359 1583 318 93 patriotisme.

549 1663 1137 86 Si cette notice ne devrait pas être lue que par des personnes

357 1723 1335 100 qui connaissent déja M^elle Louise Michel, nous croirions faire

336 1786 1346 100 injure à celle-ci, si nous ajoutions que, sous le rapport des

370 1853 923 76 mœurs, elle est absolument irréprochable.

470 1961 1169 89 M^r Nanté de Fleurville 14 Rue Nicolet Paris Montmartre

491 2032 346 80 délégué Cantonal

1589 98 93 78 60
