1800 2255
411 264 820 85 "Reposez vous. Nous veillons."

498 193 1206 85 "Vivez calmes, heureux, repus. Nous sommes là !

442 400 1216 75 l'arrestation illégale des Généraux Lecomte et

530 328 1162 85 Elle a assisté, avec connaissance les auteurs de

445 464 1168 92 Clément Thomas, dans les faits qui l'ont

449 552 1208 58 consommée, et cette arrestation a été suivie de

438 614 1271 81 tortures corporelles et de mort de ces deux infortunés.

532 678 1157 77 Intimement liée avec les membres de la Commune,

443 753 1018 81 elle connaissat d'avance tous leurs plans.

537 817 1168 90 Elle les a aidés de toutes ses forces, de toute sa volonté,

443 888 1165 79 bien plus, elle les a assistés et souvent dépassés.

534 954 1170 85 Elle leur a offert de se rendre à Versailles, et d'assas-

432 1026 1240 92 siner le Président de la République, afin de terrifier

442 1095 1136 86 l'assemblée et selon elle, de faire cesser la lutte.

534 1159 1013 98 Elle est aussi coupable que Ferré le fier

443 1236 1217 100 républicain qu'elle défend d'une façon si étrange,

453 1311 1204 96 et dont la tête pour nous servir de ses expressions,

411 1383 1234 88 "est un défi jeté aux consciences, et la réponse une

415 1465 386 74 "Révolution !"

547 1508 1136 104 Elle excité les passions de la foule, prêché la

445 1601 1200 86 guerre sans merci, ni trève, et, louve avide de

447 1672 1213 94 sang, elle a provoqué la mort des ôtages, par

530 1753 630 86 machinations infernales.

537 1809 1108 85 En conséquence, notre avis est qu'il y a lieu de

442 1875 1047 84 mettre Louise Michel en jugement pour :

447 1944 1255 98 1° _ Attentat ayant pour but de changer le Gouvernement ;

1549 139 104 71 52
