1800 2742
137 98 77 121 29

388 121 1293 128 du côté des Versaillais. J'ignore la

400 219 1313 94 part qu'elle a pu prendre aux évènements

407 260 1303 107 qui se sont passés aux Buttes & dans la

400 324 1281 101 maison de la rue des Rosiers, mais, en

418 379 1285 89 mon âme et conscience, je crois qu'elle

420 434 1279 100 y a trempé ; car elle était très-exaltée

377 495 963 99 & se mettait en tête de tout.

356 550 1373 110 D : Si la fille Michel vous a causé comme

425 605 1301 103 vous venez de nous le dire, de M. Clémenceau

420 662 1304 105 et des crimes commis aux Buttes-Monmartre

416 715 1301 107 & rue des Rosiers, il est impossible d'admettre

413 788 1302 100 que vous ne lui ayiez par demandé quelques

395 847 448 89 explications ?

347 872 1370 119 R : Je ne lui ai fait aucune question ; de

429 932 1265 109 reste, elle ne restait jamais en place,

420 980 1265 128 & on ne pouvait songer à avoir une

425 1069 734 89 conversation avec elle.

359 1094 1312 128 D. La fille Michel n'avait-elle pas

423 1158 1283 126 des habitudes d'intempérance ? Quelles

432 1224 1235 108 étaient les personnes qu'elle voyait

425 1277 1269 128 habituellement chez elle ? N'était-

434 1339 1107 121 elle pas liée avec le j^r ferré ?

363 1409 1334 112 R. Je ne sais si elle avait des habitudes

436 1464 1270 114 d'intempérance ; cependant, je dois dire

445 1519 1270 114 qu'elle buvait constamment du café noir.

432 1594 1281 110 Quant à ses relations, elle ne voyait que

416 1636 1267 121 les parents de ses élèves, et j'ignore si

452 1704 1190 105 elle était liée avec M. Ferré. J'ai

445 1768 1240 103 entendu dire, dernièrement, qu'on

448 1821 1265 114 vendait sa photographie comme maîtresse

445 1887 1256 94 de cet ex-membre de la Commune.

361 1946 1352 103 D. N'était-elle pas Présidente de clubs ?

384 2010 1265 99 R. Oui, elle était présidente du club

452 2067 1208 101 qui se tenait à l'église S^t Bernard,

427 2122 1228 92 à la Chapelle ; du reste, elle était

443 2186 1194 89 de toutes les réunions de ce genre.

439 2248 1212 87 Elle rentrait habituellement à onze

448 2307 983 94 heures & demie ou minuit.

345 2364 1233 117 D. N'avez-vous pas entendu parler de

1333 2444 240 108 PNiort

269 2474 508 110 Lenpiaque
